=LDR  05019cas a2201213 i 4500
=001  015441143
=003  Uk
=005  20220428092518.0
=006  m\\\\\o\\d\\\\\\\\
=007  cr\un|||||||||
=007  cr\mnu||||||||
=008  050614c18899999enker\pso\\\\\0\\\a0eng\c
=FMT  \\$a  SE
=010  \\$a  2011233368
=016  7\$a0031164$2DNLM
=016  7\$aV06060000$2DNLM
=016  7\$a0031164$2dnlm
=016  7\$aV06060000$2dnlm
=022  \\$a2042-7670
=030  \\$aVETRAX
=035  \\$a(OCoLC)60626420$z(OCoLC)614873756$z(OCoLC)681721964$z(OCoLC)761806462$z(OCoLC)1058566548$z(OCoLC)1162220074
=037  3\$aISSN_00424900_1218$bPortico$nBMJ
=037  \\$aISSN_00424900_2$bPortico$nWiley
=040  \\$aOCLCS$beng$cOCLCS$dOCLCQ$dGUA$dOCLCQ$dCUD$dOCLCE$dOCLCQ$dCOO$dOCLCO$dUMC$dOCLCQ$dOCLCO$dOCLCF$dOCLCO$dOCLCA$dOCLCQ$dU3W$dOCLCO$dAU@$dOCLCO$dWYU$dOCLCO$dOCLCA$dTKN$dVLY$dOCLCO$dUk$erda$epn
=042  \\$aukblsr
=050  14$aSF601
=060  \4$aW1$bVE934
=060  \4$aFilm S01262
=082  04$a636.089$223
=130  0\$aVeterinary record (Online)
=210  0\$aVet. rec.$b(Online)
=222  \4$aThe veterinary record$b(Online)
=245  14$aThe Veterinary record.
=246  1\$iMinor title change:$aVet record,$f2018-
=260  \\$aLondon :$bBritish Veterinary Association,$c2005-
=264  31$32021-$a[Chichester?] :$bpublished on behalf of the BVA by Wiley
=310  \\$aBiweekly
=321  \\$aWeekly
=336  \\$atext$2rdacontent
=337  \\$acomputer$2rdamedia
=338  \\$aonline resource$2rdacarrier
=362  1\$aPrint began with v. 1 in 1888/89.
=500  \\$a"Journal of the British Veterinary Association."
=588  \\$aDescription based on: Vol. 138, issue 1 (Jan. 1996); title from contents screen (publisher's Web site, viewed Nov. 16, 2011).
=588  \\$aLatest issue consulted: volume 188, issue 12 (July 2021) (viewed August 10, 2021).
=540  \\$aCurrent copyright fee: GBP39.00$c35\0$5Uk
=650  \0$aVeterinary medicine$vPeriodicals.
=650  \6$aMédecine vétérinaire$vPériodiques.
=650  \7$aVeterinary medicine.$2fast$0(OCoLC)fst01165977
=650  \2$aVeterinary Medicine.
=655  \7$aPeriodicals.$2fast$0(OCoLC)fst01411641
=655  \2$aPeriodical.
=655  \0$aElectronic journals.
=770  0\$tIn practice$c(London. 1979. Online)$x2042-7689
=710  2\$aBritish Veterinary Association,$eissuing body.
=776  08$iPrint version:$tVeterinary record$x0042-4900
=780  02$tVeterinary record, and Transactions of the Veterinary Medical Association
=856  \\$31850-9999$uhttp://www.bmj.com/archive$xBLDSS
=856  40$uhttp://veterinaryrecord.bvapublications.com/
=856  40$ahttps://bvajournals.onlinelibrary.wiley.com/loi/20427670
=859  \\$aELD$bejournal
=852  \\$aBritish Library$bDSC$j9230.000000$3Volume 188:Issue 1(2021)-
=852  41$aBritish Library$bHMNTS$jELD Digital store$3Volume 172:Number 1(2013)-
=945  \\$aVeterinary record.
=985  \\$aISSN responsibility transferred to U.S. Center (Wiley) (Richard, 02/11/21)
=CAT  \\$a11316$b40$c20091207$lBLL01$h1615
=CAT  \\$aBATCH-UPD$b40$c20171121$lBLL01$h1629
=CAT  \\$aIPL-CLA$c20171231$lBLL01$h1757
=CAT  \\$aBATCH-UPD$b00$c20190708$lBLL01$h1413
=CAT  \\$aIPL-CLA$c20190708$lBLL01$h1438
=CAT  \\$aBATCH-UPD$b00$c20191122$lBLL01$h1850
=CAT  \\$aR1912-1484$c20191223$lBLL01$h0827
=CAT  \\$aIPL-CLA$c20191231$lBLL01$h2021
=CAT  \\$a5552$b40$c20210107$lBLL01$h1031
=CAT  \\$a12654$b40$c20210204$lBLL01$h0948
=CAT  \\$a12654$b40$c20210204$lBLL01$h1005
=CAT  \\$a8124$b40$c20210623$lBLL01$h1257
=CAT  \\$a8124$b40$c20210623$lBLL01$h1303
=CAT  \\$a5410$b40$c20210624$lBLL01$h1218
=CAT  \\$a8124$b40$c20210708$lBLL01$h1059
=CAT  \\$a10983$b40$c20210810$lBLL01$h1313
=CAT  \\$a10806$b40$c20210910$lBLL01$h1206
=CAT  \\$a15005$b40$c20211012$lBLL01$h1134
=CAT  \\$a15005$b40$c20211012$lBLL01$h1135
=CAT  \\$a10806$b40$c20211102$lBLL01$h1238
=CAT  \\$a10806$b40$c20211102$lBLL01$h1250
=CAT  \\$a10806$b40$c20211112$lBLL01$h0806
=CAT  \\$a15190$b40$c20211202$lBLL01$h1528
=CAT  \\$aW2111-0842$c20211208$lBLL01$h1942
=CAT  \\$aIPL-CLA$c20211231$lBLL01$h1544
=CAT  \\$a6811$b40$c20220428$lBLL01$h0925
=CFI  0\$aCurrent copyright fee: GBP39.00$c35\0$e01-jan-2022$fGBP39.00$g0$hP$5Uk
=CFI  2\$aPrevious Copyright Fee: GBP32.00$c35\0$e07-jan-2021$fGBP32.00$g0$hP$5Uk
=FFP  \\$aY$bBLDSS-3PM
=FIN  \\$aY$d20091207
=LKR  \\$aPAR$b008887648$lBLL01$nVeterinary record (Print)$mVeterinary record (Online)$r77608
=MNI  \\$a0042-4900
=SID  \\$aZ39$bOCLC
=TCO  \\$aCLA$bCLA$c008
=TOC  \\$aETOC
=UNO  \\$aY
=ACF  \\$aPrevious Copyright Fee: GBP28.00$c118\0$e01-jan-2016$fGBP28.00$g0$hP$5Uk
=ACF  \\$aPrevious copyright fee: GBP38.50$c118\0$e01-jan-2020$fGBP38.50$g0$hP$5Uk
=LAS  \\$a6811$b40$c20220428$lBLL01$h0925

