=LDR  04206cas a2201033 a 4500
=001  015441153
=003  Uk
=005  20230824075918.0
=006  m\\\\\o\\d\\\\\\\\
=007  cr\un|||||||||
=008  050614c19799999enkmx\pso\\\\\0\\\a0eng\c
=FMT  \\$a  SE
=010  \\$a  2011233176
=015  \\$aGBC1A0520$2bnb
=016  7\$a2067913-0$2DE-600
=022  0\$a2042-7689
=035  \\$a(OCoLC)60624341$z(OCoLC)762079119
=037  \\$aISSN_0263841X_2$bPortico$nWiley
=040  \\$aOCLCS$beng$cOCLCS$dSMI$dHEBIS$dOCLCQ$dGUA$dOCLCQ$dOCLCF$dOCLCO$dOCLCQ$dOCLCO$dOCLCQ$dOCLCA$dWYU$dTKN$dU3W$dOCLCO$dOCLCE$dUAB$dOCLCA$dUk
=041  0\$aeng$beng
=042  \\$aukblsr
=050  14$aSF601
=060  \4$aW1$bIN102M
=082  04$a636.089$223
=130  0\$aIn practice (Online)
=210  0\$aIn pract.$b(Lond., 1979, Online)
=222  \0$aIn practice$b(London. 1979. Online)
=245  10$aIn practice.
=260  \\$aLondon :$bBritish Veterinary Association
=264  31$a[Chichester?] :$bpublished on behalf of the BVA by Wiley
=310  \\$aTen issues a year,$b1995-
=321  \\$aSix no. a year,$b1979-1994
=336  \\$atext$btxt$2rdacontent
=337  \\$acomputer$bc$2rdamedia
=338  \\$aonline resource$bcr$2rdacarrier
=362  1\$aBegan with v. 1, no. 1 (Jan. 1979).
=540  \\$aCurrent copyright fee: GBP32.00$c35\0$5Uk
=538  \\$aMode of access: World Wide Web.
=588  \\$aDescription based on: Vol. 1, no. 1 (Jan. 1979); title from contents screen (publisher's Web site, viewed Sept. 13, 2011).
=588  \\$aLatest issue consulted: Volume 43, Issue 5 (June 2021) (Wiley Online Library, viewed June 23, 2021).
=650  \0$aVeterinary medicine$vPeriodicals.
=650  \7$aVeterinary medicine.$2fast$0(OCoLC)fst01165977
=650  \2$aVeterinary Medicine.
=655  \7$aPeriodicals.$2fast$0(OCoLC)fst01411641
=655  \2$aPeriodical.
=655  \0$aElectronic journals.
=772  0\$tVeterinary record$c(Online)$x2042-7670
=710  2\$aBritish Veterinary Association.
=772  0\$tVeterinary record$x2042-7670
=776  08$iPrint version:$tIn practice$x0263-841X
=859  \\$aELD$bejournal
=856  \\$31850-9999$uhttp://www.bmj.com/archive$xBLDSS
=856  40$uhttp://inpractice.bvapublications.com/
=856  40$uhttp://www.vetrecord.co.uk/ipcurrent.htm
=856  40$ahttps://bvajournals.onlinelibrary.wiley.com/loi/20427689
=852  \\$aBritish Library$bDSC$j4372.411000$3Volume 43:Issue 1(2021)-
=852  41$aBritish Library$bHMNTS$jELD Digital store$3Volume 35:Issue 1(2013)-
=945  \\$aIN PRACTICE -LONDON- BRITISH VETERINARY ASSOCIATION-.
=985  \\$aISSN UK Centre: ISSN responsibility transferred to US Center 24/8/23 - multinational publisher.
=CAT  \\$a11316$b40$c20091207$lBLL01$h1626
=CAT  \\$a11316$b40$c20091207$lBLL01$h1627
=CAT  \\$a12654$b40$c20190715$lBLL01$h0917
=CAT  \\$a12654$b40$c20190715$lBLL01$h0918
=CAT  \\$aBATCH-UPD$b40$c20190716$lBLL01$h2357
=CAT  \\$aBLDSS-3PM$b00$c20190725$lBLL01$h1607
=CAT  \\$aBATCH-UPD$b00$c20190725$lBLL01$h1607
=CAT  \\$aBATCH-UPD$b00$c20191122$lBLL01$h1850
=CAT  \\$aR1912-1484$c20191223$lBLL01$h0827
=CAT  \\$aIPL-CLA$c20191231$lBLL01$h2021
=CAT  \\$a5552$b40$c20210201$lBLL01$h0849
=CAT  \\$a12654$b40$c20210204$lBLL01$h1113
=CAT  \\$a8124$b40$c20210623$lBLL01$h1219
=CAT  \\$a8124$b40$c20210623$lBLL01$h1220
=CAT  \\$a8124$b40$c20210623$lBLL01$h1221
=CAT  \\$a8124$b40$c20210623$lBLL01$h1258
=CAT  \\$a15190$b40$c20210906$lBLL01$h1432
=CAT  \\$a10973$b40$c20230824$lBLL01$h0759
=CFI  0\$aCurrent Copyright Fee: GBP32.00$c35\0$e01-feb-2021$fGBP32.00$g0$hP$5Uk
=CFI  2\$aPrevious copyright fee: GBP38.50$c118\0$e01-jan-2020$fGBP38.50$g0$hP$5Uk
=FFP  \\$aY$bBLDSS-3PM
=FIN  \\$aY$d20091207
=LKR  \\$aPAR$b015441143$lBLL01$nVeterinary record (Online)$mIn practice (Online)$r772
=LKR  \\$aPAR$b009847146$lBLL01$nIn practice (Print)$mIn practice (Online)$r77608
=MNI  \\$a0263-841X
=SID  \\$aZ39$bOCLC
=TCO  \\$aCLA$bCLA$c008
=TOC  \\$aETOC
=UNO  \\$aY
=LAS  \\$a10973$b40$c20230824$lBLL01$h0759

