=LDR  05329cas a2201093 i 4500
=001  016207999
=003  Uk
=005  20230430115139.0
=006  m\\\\\\\\d\|\\\\\\
=007  cr||||||||||||
=008  121109c19859999xxuqr\p\o\\\\\0\\\a0eng\\
=FMT  \\$a  SE
=015  \\$aGBB348070$2bnb
=022  0\$a2051-6169
=037  \\$aISSN_10598650$bPortico$nManey Publishing
=037  3\$aISSN_10598650_21$bPortico$nTaylor & Francis
=040  \\$aUk$beng$cUk$dUk$erda
=042  \\$aukblsr
=082  04$a069.15$223
=222  \0$aJournal of museum education$b(Online)
=245  00$aJournal of museum education.
=246  3\$aJME
=260  \\$aWashington, D.C. :$bMuseum Education Roundtable,$c1985-
=264  21$aLeeds, UK :$bManey Publishing, in association with Left Coast Press, for the Museum Education Roundtable
=264  31$a[United States?] :$bTaylor & Francis, Taylor & Francis Group
=310  \\$aQuarterly
=321  \\$aThree issues yearly
=336  \\$atext$2rdacontent
=337  \\$acomputer$2rdamedia
=338  \\$aonline resource$2rdacarrier
=362  1\$aPrint began with vol. 10, no. 1 (winter 1985).
=588  \\$aDescription based on print version record.
=588  \\$aLatest issue consulted: vol. 41, no. 4 (2016) (Taylor & Francis Online, viewed October 17, 2016).
=540  \\$aCurrent copyright fee: GBP37.00$c2\0$5Uk
=650  \0$aMuseums$xEducational aspects$vPeriodicals.
=710  2\$aMuseum Education Roundtable,$eissuing body.
=776  08$iAlso issued in print as:$tJournal of museum education$x1059-8650
=780  00$tRoundtable reports
=859  \\$aELD$bejournal
=856  \\$31850-9999$uhttp://maneypublishing.com/$xBLDSS
=856  40$ahttp://www.ingentaconnect.com/content/maney/jme
=856  40$uhttp://lcoastpress.metapress.com/content/120190
=856  40$uhttp://maneypublishing.com/index.php/journals/jme/
=856  40$uhttp://www.tandfonline.com/toc/RJME20/current
=852  41$aBritish Library$bHMNTS$jELD Digital store$3Volume 38:Number 2(2013:Summer)-
=852  \\$aBritish Library$bDSC$j5021.127000$3Volume 41:Issue 1(2016)-Volume 42:Issue 4(2017)
=945  \\$aJournal of museum education
=959  \\$fHeld but not currently received
=979  \\$aBritish Library$bDSC$j5021.127000
=985  \\$aLeft Coast Press version available at time of assignment. Provisional ISSN assigned and notified to U.S. ISSN Centre. Please retain 856 and 260 Left Coast Press details in completed ISSN record with 985 "Description based on Vol. 31, no. 1 (spring 2006) (Left Coast Press Inc., viewed Nov. 9, 2012)". Add another note for the latest issue consulted on completion - SF 9/11/2012
=985  \\$aISSN UK note: Due to switch to T&F from 2016 - will need responsibility change (information from IC, 29/04/15)
=985  \\$aISSN responsibility transferred from ISSN UK Centre to U.S. ISSN Center Taylor & Francis, Multinational Publisher List, Summer 2016
=CAT  \\$a11316$b40$c20121109$lBLL01$h0922
=CAT  \\$aIPL-CLA$c20151231$lBLL01$h1934
=CAT  \\$a14412$b40$c20160223$lBLL01$h1553
=CAT  \\$a12654$b40$c20160225$lBLL01$h1414
=CAT  \\$aBATCH-UPD$b40$c20160413$lBLL01$h1826
=CAT  \\$aBATCH-UPD$b40$c20160603$lBLL01$h2011
=CAT  \\$aW1607-0553$c20160818$lBLL01$h0910
=CAT  \\$aW1607-0553$c20160818$lBLL01$h0915
=CAT  \\$a3072$b40$c20161017$lBLL01$h1222
=CAT  \\$a3072$b40$c20161017$lBLL01$h1223
=CAT  \\$a3072$b40$c20161017$lBLL01$h1229
=CAT  \\$aBATCH-UPD$b40$c20161122$lBLL01$h1515
=CAT  \\$aIPL-CLA$c20161231$lBLL01$h0007
=CAT  \\$aBATCH-UPD$b00$c20171121$lBLL01$h1650
=CAT  \\$aW1711-1005$c20171206$lBLL01$h1825
=CAT  \\$aIPL-CLA$c20171231$lBLL01$h1816
=CAT  \\$aBATCH-UPD$b00$c20181217$lBLL01$h1640
=CAT  \\$aIPL-CLA$c20181231$lBLL01$h1552
=CAT  \\$aW1811-111$c20190203$lBLL01$h0956
=CAT  \\$aBATCH-UPD$b00$c20191122$lBLL01$h1902
=CAT  \\$aIPL-CLA$c20191231$lBLL01$h2033
=CAT  \\$aBATCH-UPD$b00$c20201118$lBLL01$h1336
=CAT  \\$aIPL-CLA$c20201231$lBLL01$h1532
=CAT  \\$aBATCH-UPD$b00$c20221121$lBLL01$h1349
=CAT  \\$aIPL-CLA$c20221231$lBLL01$h1451
=CAT  \\$a5410$b40$c20230430$lBLL01$h1151
=CFI  0\$aCurrent copyright fee: GBP37.00$c2\0$e01-jan-2023$fGBP37.00$g0$hP$5Uk
=CFI  2\$aPrevious copyright fee: GBP35.00$c2\0$e01-jan-2021$fGBP35.00$g0$hP$5Uk
=FFP  \\$aY$bBLDSS-3PM
=FIN  \\$aY$d20130516
=LET  \0$aJournal of museum education (Electronic)
=LKR  \\$aPAR$b010490943$lBLL01$nJournal of museum education (Print)$mJournal of museum education (Online)$r776
=MNI  \\$a1059-8650
=TOC  \\$aETOC
=ACF  \\$aPrevious copyright fee: GBP26.00$c47\0$e01-jan-2016$fGBP26.00$g0$hP$5Uk
=ACF  \\$aPrevious copyright fee: GBP25.00$c47\0$e08-jan-2013$fGBP25.00$g0$hP$5Uk
=ACF  \\$aPrevious copyright fee: GBP26.00$c2\0$e25-feb-2016$fGBP26.00$g0$hP$5Uk
=ACF  \\$aPrevious copyright fee: GBP28.00$c2\0$e01-jan-2017$fGBP28.00$g0$hP$5Uk
=ACF  \\$aPrevious copyright fee: GBP30.00$c2\0$e01-jan-2018$fGBP30.00$g0$hP$5Uk
=ACF  \\$aPrevious copyright fee: GBP32.00$c2\0$e01-jan-2019$fGBP32.00$g0$hP$5Uk
=ACF  \\$aPrevious copyright fee: GBP34.00$c2\0$e01-jan-2020$fGBP34.00$g0$hP$5Uk
=LAS  \\$a5410$b40$c20230430$lBLL01$h1151

