=LDR  03036cas a2200817 i 4500
=001  019198167
=003  Uk
=005  20210622125813.0
=006  m\\\\\|\\d\|\\\\\\
=007  cr\|||||||||||
=008  190104c20199999enkmr\p\o\\\\\0\\\a0eng\\
=FMT  \\$a  SE
=015  \\$aGBB9G5513$2bnb
=022  \\$a2570-4206
=037  \\$aISSN_25704206$bPortico$nWiley
=040  \\$aUk$beng$cUk$dUk$erda
=042  \\$aukblsr
=082  04$a572$223
=222  \0$aChemSystemsChem
=245  00$aChemSystemsChem :$bemergence & complexity, artificial cells, responsive materials, reaction networks.
=246  3\$aChem systems chem
=264  \1$a[Weinheim] :$bWiley-VCH,$c2019-
=300  \\$billustrations (colour)
=310  \\$aMonthly
=336  \\$atext$2rdacontent
=337  \\$acomputer$2rdamedia
=338  \\$aonline resource$2rdacarrier
=362  0\$aVolume 1, issue 1/2 (July 2019)-
=500  \\$aTitle from PDF cover (Wiley online library, viewed October 2, 2019).
=588  \\$aLatest issue consulted: volume 1, issue 3 (September 2019) (viewed October 2, 2019).
=540  \\$aCurrent Copyright Fee: GBP39.00$c35\0$5Uk
=650  \0$aSynthetic biology$vPeriodicals.
=650  \0$aArtificial cells$vPeriodicals.
=650  \0$aChemical systems$vPeriodicals.
=650  \0$aBiochemistry$vPeriodicals.
=650  \0$aBiotechnology$vPeriodicals.
=710  2\$aChemPubSoc Europe.
=856  4\$31850-9999$uhttp://onlinelibrary.wiley.com/$xBLDSS
=856  40$ahttps://onlinelibrary.wiley.com/loi/25704206
=859  \\$aELD$bejournal
=852  41$aBritish Library$bHMNTS$jELD Digital store$3Volume 1:Issue 1/2(2019)-
=852  \\$aBritish Library$bDSC$j3172.319800$3Volume 3:Issue 1(2021)-
=945  \\$aChemSystemsChem.
=959  \\$fCurrently received
=CAT  \\$a14412$b40$c20190104$lBLL01$h0950
=CAT  \\$a14412$b40$c20190104$lBLL01$h0952
=CAT  \\$a14412$b40$c20190104$lBLL01$h0955
=CAT  \\$a14412$b40$c20190104$lBLL01$h0956
=CAT  \\$a14586$b40$c20190405$lBLL01$h1409
=CAT  \\$a5552$b40$c20190718$lBLL01$h1410
=CAT  \\$aBLDSS-3PM$b00$c20190725$lBLL01$h1607
=CAT  \\$aBATCH-UPD$b00$c20190725$lBLL01$h1607
=CAT  \\$a5410$b40$c20190730$lBLL01$h1407
=CAT  \\$a5410$b40$c20190807$lBLL01$h0858
=CAT  \\$a8124$b40$c20191002$lBLL01$h0913
=CAT  \\$a8124$b40$c20191008$lBLL01$h1027
=CAT  \\$aR1911-0245$c20191127$lBLL01$h0944
=CAT  \\$aR1911-0245$c20191127$lBLL01$h1045
=CAT  \\$aIPL-CLA$c20191231$lBLL01$h2046
=CAT  \\$a12654$b40$c20210204$lBLL01$h1204
=CAT  \\$a12654$b40$c20210204$lBLL01$h1205
=CAT  \\$a10806$b40$c20210622$lBLL01$h1258
=CFI  0\$aCurrent Copyright Fee: GBP39.00$c35\0$e01-jan-2020$fGBP39.00$g0$hP$5Uk
=CFI  2\$aPrevious copyright fee: GBP28.00$c35\0$e18-jul-2019$fGBP28.00$g0$hP$5Uk
=FFP  \\$aY$bBLDSS-3PM
=FIN  \\$aY$d20191002
=LET  \0$aChemSystemsChem (Electronic)
=MNI  \\$a2570-4206
=TOC  \\$aETOC
=UNO  \\$aY
=LAS  \\$a10806$b40$c20210622$lBLL01$h1258

