=LDR  04562cas a2200997 i 4500
=001  016189203
=003  Uk
=005  20230414161214.0
=006  m\\\\\\\\d\|\\\\\\
=007  cr||||||||||||
=008  121012c20139999enkfr\p\o\\\\\0\\\a0eng\\
=FMT  \\$a  SE
=015  \\$aGBB348151$2bnb
=022  0\$a2051-4549$y2051-4530$202
=037  3\$aISSN_20514530_21$bPortico$nTaylor & Francis
=037  \\$aISSN_20514530$bPortico$nManey Publishing
=040  \\$aUk$beng$cUk$dUk$erda
=042  \\$aukblsr$aissnuk
=082  04$a900$223
=222  \0$aInternational journal of regional and local history$b(Online)
=245  00$aInternational journal of regional and local history.
=246  13$aRegional and local history
=264  \1$a[Leeds, UK] :$bManey Publishing
=310  \\$aSemiannual
=336  \\$atext$2rdacontent
=337  \\$acomputer$2rdamedia
=338  \\$aonline resource$2rdacarrier
=362  1\$aBegan with volume 8, number 1 (May 2013).
=580  \\$aIncludes issues of earlier title: International journal of regional and local studies.
=588  \\$aDescription based on: volume 8, number 1 (May 2013); title from table of contents page (IngentaConnect, viewed July 15, 2013).
=540  \\$aCurrent copyright fee: GBP37.00$c2\0$5Uk
=650  \0$aRegions (Administrative and political divisions)$xHistory$vPeriodicals.
=650  \0$aCities and towns$xHistory$vPeriodicals.
=650  \0$aLocal government$xHistory$vPeriodicals.
=650  \0$aLocal history$vPeriodicals.
=776  08$iAlso issued in print as:$tInternational journal of regional and local history$x2051-4530
=780  10$tInternational journal of regional and local studies
=859  \\$aELD$bejournal
=856  \\$31850-9999$uhttp://www.tandfonline.com/$xBLDSS
=856  40$ahttp://www.ingentaconnect.com/content/maney/jrl
=852  \\$aBritish Library$bDSC$j4542.525680$3Volume 10:Issue 1(2015)-Volume 12:Issue 2(2017)
=852  41$aBritish Library$bHMNTS$jELD Digital store$3Volume 8:Number 1(2013)-
=945  \\$aInternational journal of regional and local history.
=959  \\$fHeld but not currently received
=979  \\$aBritish Library$bDSC$j4542.525680
=985  \\$aOnline issues for previous title also listed under the title "The international journal of regional and local history", hence use of 362 1_, RCB 15/07/13.
=CAT  \\$a11315$b40$c20121012$lBLL01$h1520
=CAT  \\$aBATCH-CLA$b00$c20151127$lBLL01$h1631
=CAT  \\$aWR15058$c20151230$lBLL01$h1441
=CAT  \\$a14448$b40$c20160205$lBLL01$h1124
=CAT  \\$a12654$b40$c20160225$lBLL01$h0915
=CAT  \\$a12654$b40$c20160225$lBLL01$h0918
=CAT  \\$aBLDSS-3PM$b00$c20160302$lBLL01$h1647
=CAT  \\$a5552$b40$c20160310$lBLL01$h0828
=CAT  \\$aBATCH-UPD$b40$c20160413$lBLL01$h1826
=CAT  \\$a11433$b40$c20160415$lBLL01$h1716
=CAT  \\$aBATCH-UPD$b40$c20160805$lBLL01$h0759
=CAT  \\$aBATCH-UPD$b40$c20161122$lBLL01$h1515
=CAT  \\$aIPL-CLA$c20161231$lBLL01$h0006
=CAT  \\$aBATCH-UPD$b00$c20171121$lBLL01$h1650
=CAT  \\$aW1711-1005$c20171206$lBLL01$h1824
=CAT  \\$aIPL-CLA$c20171231$lBLL01$h1815
=CAT  \\$aBATCH-UPD$b00$c20181217$lBLL01$h1640
=CAT  \\$aIPL-CLA$c20181231$lBLL01$h1552
=CAT  \\$aW1811-111$c20190203$lBLL01$h0956
=CAT  \\$aBATCH-UPD$b00$c20191122$lBLL01$h1902
=CAT  \\$aIPL-CLA$c20191231$lBLL01$h2033
=CAT  \\$aBATCH-UPD$b00$c20201118$lBLL01$h1336
=CAT  \\$aIPL-CLA$c20201231$lBLL01$h1532
=CAT  \\$aBATCH-UPD$b00$c20221121$lBLL01$h1349
=CAT  \\$aIPL-CLA$c20221231$lBLL01$h1451
=CAT  \\$a5410$b40$c20230414$lBLL01$h1612
=CFI  0\$aCurrent copyright fee: GBP37.00$c2\0$e01-jan-2023$fGBP37.00$g0$hP$5Uk
=CFI  2\$aPrevious copyright fee: GBP35.00$c2\0$e01-jan-2021$fGBP35.00$g0$hP$5Uk
=FFP  \\$aY$bBLDSS-3PM
=FIN  \\$aY$d20130516
=LET  \0$aInternational journal of regional and local history (Electronic)
=MNI  \\$a2051-4530
=TOC  \\$aETOC
=ACF  \\$aPrevious Copyright Fee: GBP22.00$c0$e01-apr-2014$fGBP22.00$g0$hC$5Uk
=ACF  \\$aPrevious copyright fee: GBP26.00$c2\0$e25-feb-2016$fGBP26.00$g0$hP$5Uk
=ACF  \\$aPrevious copyright fee: GBP28.00$c2\0$e01-jan-2017$fGBP28.00$g0$hP$5Uk
=ACF  \\$aPrevious copyright fee: GBP30.00$c2\0$e01-jan-2018$fGBP30.00$g0$hP$5Uk
=ACF  \\$aPrevious copyright fee: GBP32.00$c2\0$e01-jan-2019$fGBP32.00$g0$hP$5Uk
=ACF  \\$aPrevious copyright fee: GBP34.00$c2\0$e01-jan-2020$fGBP34.00$g0$hP$5Uk
=LAS  \\$a5410$b40$c20230414$lBLL01$h1612

