=LDR  05069cas a2201093 a 4500
=001  017671416
=003  Uk
=005  20230416123749.0
=006  m\\\\\|\\d\|\\\\\\
=007  cr\|||||||||||
=008  061107c20039999enkar\p\o\\\\\0\\\a0eng\d
=FMT  \\$a  SE
=015  \\$aGBB611729$2bnb
=022  \\$a2204-2245$y1448-8353
=035  \\$a(OCoLC)221425532
=037  \\$aISSN_14488353_21$bPortico$nTaylor & Francis
=040  \\$aAU@$beng$cAU@$dOCLCQ$dNTE$dOCLCQ$dOCLCF$dOCLCO$dUk
=042  \\$aukblsr
=043  \\$au-at---
=082  04$a624.05$223
=130  0\$aAustralian journal of civil engineering (Online)
=222  \0$aAustralian journal of civil engineering$b(Online)
=245  10$aAustralian journal of civil engineering$h[electronic resource] /$cInstitution of Engineers, Australia.
=260  \\$aCrows Nest, N.S.W. :$bEngineers Media
=264  31$a[Abingdon] :$bTaylor & Francis
=300  \\$billustrations (black and white, and colour)
=310  \\$aAnnual,$b2013-
=321  \\$aSemiannual,$b2012
=321  \\$aAnnual,$b2003-2011
=336  \\$atext$2rdacontent
=337  \\$acomputer$2rdamedia
=338  \\$aonline resource$2rdacarrier
=362  1\$aPrint began with volume 1, number 1 (2003).
=550  \\$aJournal of Engineers Australia Civil College.
=580  \\$aOriginal print version of this title was preceded by an earlier title: Australian civil engineering transactions.
=588  \\$aDescription based on print version record.
=588  \\$aLatest issue consulted: volume 13, number 1 (2015) (Taylor & Francis Online, viewed January 20, 2016).
=540  \\$aCurrent copyright fee: GBP43.00$c2\0$5Uk
=650  \0$aCivil engineering$vPeriodicals.
=650  \0$aCivil engineering$zAustralia$vPeriodicals.
=655  \7$aPeriodicals.$2fast
=710  2\$aInstitution of Engineers Australia.$bCivil College,$eissuing body.
=710  2\$aInstitution of Engineers Australia.
=710  2\$aConcrete Institute of Australia.
=776  08$iAlso issued in print as:$tAustralian journal of civil engineering$x1448-8353
=859  \\$aELD$bejournal
=856  \\$31850-9999$uhttp://www.tandfonline.com/$xBLDSS
=856  40$uhttp://www.tandfonline.com/toc/tcen20/current
=856  40$3Full text available from INFORMIT E-LIBRARY. Coverage as of July 31, 2007: Vol. 1, No. 1 (2003)-$uhttp://search.informit.com.au/search;res=e-library$zSubscription required for access to the online version
=852  \\$aBritish Library$bDSC$j1806.150000$3Volume 14:Issue 1(2016)-Volume 15:Issue 2(2017)***See ESTAR for full holdings.
=852  41$aBritish Library$bSTI$jELD Digital store$3Volume 14:Issue 1(2016)-***Previous issues available in print copy
=945  \\$aAustralian journal of civil engineering
=959  \\$fHeld but not currently received
=979  \\$aBritish Library$bDSC$j1806.150000
=CAT  \\$a11296$b40$c20151217$lBLL01$h1419
=CAT  \\$a8323$b40$c20160121$lBLL01$h1030
=CAT  \\$a8037$b40$c20160122$lBLL01$h1100
=CAT  \\$a12654$b40$c20160223$lBLL01$h0946
=CAT  \\$a12654$b40$c20160229$lBLL01$h1346
=CAT  \\$aBLDSS-3PM$b00$c20160302$lBLL01$h1647
=CAT  \\$aBATCH-UPD$b00$c20160413$lBLL01$h1829
=CAT  \\$aBATCH-UPD$b00$c20160809$lBLL01$h0945
=CAT  \\$aBATCH-UPD$b00$c20161122$lBLL01$h1507
=CAT  \\$aIPL-CLA$c20161231$lBLL01$h0024
=CAT  \\$aBATCH-UPD$b00$c20170102$lBLL01$h0222
=CAT  \\$aBATCH-UPD$b00$c20170127$lBLL01$h1631
=CAT  \\$aBATCH-UPD$b00$c20171121$lBLL01$h1656
=CAT  \\$aW1711-1005$c20171206$lBLL01$h1829
=CAT  \\$aIPL-CLA$c20171231$lBLL01$h1831
=CAT  \\$a8871$b40$c20181108$lBLL01$h0738
=CAT  \\$aBATCH-UPD$b40$c20181217$lBLL01$h1646
=CAT  \\$aIPL-CLA$c20181231$lBLL01$h1555
=CAT  \\$aW1811-111$c20190203$lBLL01$h0956
=CAT  \\$aBATCH-UPD$b00$c20191122$lBLL01$h1908
=CAT  \\$aIPL-CLA$c20191231$lBLL01$h2042
=CAT  \\$aBATCH-UPD$b00$c20201118$lBLL01$h1342
=CAT  \\$aIPL-CLA$c20201231$lBLL01$h1533
=CAT  \\$aBATCH-UPD$b00$c20221121$lBLL01$h1341
=CAT  \\$aIPL-CLA$c20221231$lBLL01$h1453
=CAT  \\$a5410$b40$c20230416$lBLL01$h1237
=CFI  0\$aCurrent copyright fee: GBP43.00$c2\0$e01-jan-2023$fGBP43.00$g0$hP$5Uk
=CFI  2\$aPrevious copyright fee: GBP41.00$c2\0$e01-jan-2021$fGBP41.00$g0$hP$5Uk
=FFP  \\$aY$bBLDSS-3PM
=FIN  \\$aY$d20160121
=LKR  \\$aPAR$b005418586$lBLL01$nAustralian journal of civil engineering (Print)$mAustralian journal of civil engineering (Online)$r776
=MNI  \\$a1448-8353
=SID  \\$aZ39$bOCLC
=TOC  \\$aETOC
=ACF  \\$aPrevious copyright fee: GBP31.00$c2\0$e23-feb-2016$fGBP31.00$g0$hP$5Uk
=ACF  \\$aPrevious copyright fee: GBP33.00$c2\0$e01-jan-2017$fGBP33.00$g0$hP$5Uk
=ACF  \\$aPrevious copyright fee: GBP35.00$c2\0$e01-jan-2018$fGBP35.00$g0$hP$5Uk
=ACF  \\$aPrevious copyright fee: GBP37.00$c2\0$e01-jan-2019$fGBP37.00$g0$hP$5Uk
=ACF  \\$aPrevious copyright fee: GBP39.00$c2\0$e01-jan-2020$fGBP39.00$g0$hP$5Uk
=LAS  \\$a5410$b40$c20230416$lBLL01$h1237

