=LDR  03708cas a2200925 i 4500
=001  018800165
=003  Uk
=005  20200930110906.0
=006  m\\\\\o\\d\\\\\\\\
=007  cr\|||||||||||
=008  170911c20189999mdumr\poo\\\\\0\\\a0engo\
=FMT  \\$a  SE
=010  \\$a  2017203103
=016  7\$a101714113$2DNLM
=022  \\$a2574-8300
=035  \\$a(OCoLC)1003292646$z(OCoLC)1031880147$z(OCoLC)1053839379
=037  \\$aISSN_25748300$bPortico$nLippincott Williams & Wilkins
=040  \\$aDLC$beng$cDLC$dDLC$dNLM$dOCLCO$dCASUM$dVT2$dOCLC$dOCLCA$dDLC$dUk$erda$epn
=042  \\$aukblsr
=050  00$aRC666
=060  00$aW1
=082  10$a616.1042$223
=210  0\$aCirc., Genomic precis. med.
=222  \0$aCirculation. Genomic and precision medicine
=245  00$aCirculation.$pGenomic and precision medicine.
=246  1\$aGenomic and precision medicine
=264  \1$aBaltimore, MD :$bLippincott Williams & Wilkins,$c2018-
=300  \\$a1 online resource
=310  \\$aMonthly
=336  \\$atext$2rdacontent
=337  \\$acomputer$2rdamedia
=338  \\$aonline resource$2rdacarrier
=362  1\$aBegan with Vol. 11, Issue 1 (January 2018).
=540  \\$aCurrent copyright fee: GBP32.00$c20\0$5Uk
=588  \\$aDescription based on: Vol. 11, Issue 1 (January 2018); title from journal home page (publisher's website, viewed January 12, 2018).
=588  \\$aLatest issue consulted: Vol. 12, Issue 5 (May 2019) (viewed May 22, 2019).
=650  \0$aCardiovascular system$xDiseases$vPeriodicals.
=650  \0$aCardiovascular system$xGenetics$vPeriodicals.
=650  12$aCardiovascular Diseases$xgenetics.
=650  22$aPrecision Medicine.
=655  \2$aPeriodical.
=655  \4$aFulltext.
=655  \4$aInternet Resources.
=655  \4$aPeriodicals.
=655  \0$aElectronic journals.
=655  \7$aPeriodicals.$2fast$0(OCoLC)fst01411641
=710  2\$aAmerican Heart Association,$eissuing body.
=780  00$tCirculation. Cardiovascular genetics$x1942-3268
=856  \\$31850-9999$uhttp://journals.lww.com/pages/default.aspx$xBLDSS
=859  \\$aELD$bejournal
=856  40$uhttps://www.ahajournals.org/journal/circgenetics$zIncludes issues of earlier title
=852  \\$aBritish Library$bDSC$j3265.281000$3Volume 11:Number 2(2018)-
=852  41$aBritish Library$bHMNTS$jELD Digital store$3Volume 11:Number 10(2018)-
=945  \\$aCirculation genomic and precision medicine
=959  \\$fCurrently received
=985  \\$a3rd party access title for Remote supply please retain as base record when merging/deleting
=CAT  \\$a5552$b40$c20180316$lBLL01$h1622
=CAT  \\$a5552$b40$c20180319$lBLL01$h0829
=CAT  \\$a5552$b40$c20180319$lBLL01$h0830
=CAT  \\$a8055$b40$c20180320$lBLL01$h1322
=CAT  \\$a8055$b40$c20180320$lBLL01$h1324
=CAT  \\$aBLDSS-3PM$b00$c20180321$lBLL01$h1004
=CAT  \\$aBATCH-UPD$b00$c20180321$lBLL01$h1006
=CAT  \\$a10983$b40$c20181217$lBLL01$h0843
=CAT  \\$a8055$b40$c20181227$lBLL01$h1152
=CAT  \\$a8055$b40$c20190322$lBLL01$h1154
=CAT  \\$a8055$b40$c20190322$lBLL01$h1155
=CAT  \\$a10806$b40$c20190625$lBLL01$h0831
=CAT  \\$a10806$b40$c20190625$lBLL01$h0832
=CAT  \\$a14586$b40$c20200915$lBLL01$h1223
=CAT  \\$a9667$b40$c20200930$lBLL01$h1109
=CFI  0\$aCurrent copyright fee: GBP32.00$c20\0$e19-mar-2018$fGBP32.00$g0$hP$5Uk
=FFP  \\$aY$bBLDSS-3PM
=FIN  \\$aY$d20190625
=LKR  \\$aPAR$b016281915$lBLL01$r78000$mCirculation. Genomic and precision medicine$nCirculation. Cardiovascular genetics
=MNI  \\$a2574-8300
=SID  \\$aZ39$bOCLC
=TOC  \\$aETOC
=UNO  \\$aY
=LAS  \\$a9667$b40$c20200930$lBLL01$h1109

