=LDR  05347cas a2201189 i 4500
=001  017713953
=003  Uk
=005  20230418220911.0
=006  m\\\\\o\\d\\\\\\\\
=007  cr\|||||||||||
=008  050614c19959999pautr\pso\\\\\0\\\a0eng\d
=FMT  \\$a  SE
=010  \\$asn 95030877 
=015  \\$aGBB643578$2bnb
=022  \\$a1839-3543$y1322-9400
=030  \\$aJFSTFG
=035  \\$a(OCoLC)60628700$z(OCoLC)232119124
=037  \\$aISSN_13229400_21$bPortico$nTaylor & Francis
=040  \\$aOCLCS$beng$cOCLCS$dMUQ$dOCLCQ$dUX0$dDLC$dOCLCQ$dOCLCO$dTXA$dOCLCO$dOCLCQ$dOCLCO$dUk$erda$epn
=050  \4$aHQ1$b.A88
=060  \4$aW1$bJO6445E
=082  04$a306.85$223
=130  0\$aJournal of family studies (Online)
=222  \0$aJournal of family studies$b(Online)
=245  10$aJournal of family studies.
=246  1\$aJFS
=264  \1$a[Bundoora, Vic., Australia] :$b[La Trobe University Press]
=264  21$3<2007>-2014 :$a[Maleny, Australia] :$bEContent Management Pty Ltd.
=264  31$32015- :$a[Philadelphia, PA] :$bRoutledge, Taylor & Francis Group
=310  \\$aThree issues a year,$b2008-
=321  \\$aTwo times a year,$b1995-2007
=336  \\$atext$2rdacontent
=337  \\$acomputer$2rdamedia
=338  \\$aonline resource$2rdacarrier
=362  1\$aPrint began with vol. 1, no. 1 (April 1995).
=515  \\$aSome numbers issued in combined form.
=538  \\$aMode of access: World Wide Web.
=550  \\$aIssued by: La Trobe University, School of Behavioural Health Sciences.
=580  \\$aDistributed with: Counselling across Australia, the newsletter of the Australian Association of Marriage and Family Counsellors.
=588  0\$aDescription based on: Vol. 1, no. 1 (April 1995); title from PDF article running title (Taylor & Francis, viewed September 10, 2015).
=588  \\$aLatest issue consulted: volume 22, issue 1 (2016) (Taylor & Francis Online, viewed March 24, 2016).
=540  \\$aCurrent copyright fee: GBP37.00$c2\0$5Uk
=650  \0$aFamilies$vPeriodicals.
=650  \2$aFamily.
=650  \6$aFamille$vPériodiques.
=655  \0$aElectronic journals.
=655  \2$aPeriodicals.
=690  7\$aSocial Welfare$2blcoll
=710  2\$aLa Trobe University.$bSchool of Behavioural Health Sciences,$eissuing body.
=730  0\$aCounselling across Australia.
=776  08$iPrint version:$tJournal of family studies$x1322-9400
=777  1\$tCounselling across Australia
=780  00$tAustralian journal of marriage & family
=859  \\$aELD$bejournal
=856  \\$31850-9999$uhttp://www.tandfonline.com/$xBLDSS
=856  40$uhttp://www.tandfonline.com/toc/rjfs20/current$zOn same site with issues of earlier title
=852  \\$aBritish Library$bDSC$j4983.738000$3Volume 22:Issue 1(2016)-Volume 23:Issue 3(2017)***See ESTAR for full holdings.
=852  41$aBritish Library$bHMNTS$jELD Digital store$3Volume 22:Issue 1(2016)-***Transferred from print***Previous issues available in print copy
=945  \\$aJournal of family studies.
=959  \\$fHeld but not currently received
=979  \\$aBritish Library$bDSC$j4983.738000
=CAT  \\$a14448$b40$c20160121$lBLL01$h0925
=CAT  \\$a14448$b40$c20160121$lBLL01$h0928
=CAT  \\$a12654$b40$c20160229$lBLL01$h1456
=CAT  \\$a12654$b40$c20160301$lBLL01$h0900
=CAT  \\$aBLDSS-3PM$b00$c20160308$lBLL01$h0937
=CAT  \\$a8483$b40$c20160324$lBLL01$h1404
=CAT  \\$aBATCH-SWP$c20160401$lBLL01$h2211
=CAT  \\$aBATCH-UPD$b00$c20160413$lBLL01$h1830
=CAT  \\$aBATCH-UPD$b00$c20160517$lBLL01$h0853
=CAT  \\$aBATCH-UPD$b00$c20161122$lBLL01$h1515
=CAT  \\$aIPL-CLA$c20161231$lBLL01$h0025
=CAT  \\$aBATCH-UPD$b00$c20170102$lBLL01$h0226
=CAT  \\$aBATCH-UPD$b00$c20170127$lBLL01$h1631
=CAT  \\$aBATCH-UPD$b00$c20171121$lBLL01$h1651
=CAT  \\$aW1711-1005$c20171206$lBLL01$h1829
=CAT  \\$aIPL-CLA$c20171231$lBLL01$h1831
=CAT  \\$aBATCH-UPD$b00$c20181217$lBLL01$h1641
=CAT  \\$aIPL-CLA$c20181231$lBLL01$h1555
=CAT  \\$aW1811-111$c20190203$lBLL01$h0956
=CAT  \\$aBATCH-UPD$b00$c20191122$lBLL01$h1903
=CAT  \\$aIPL-CLA$c20191231$lBLL01$h2042
=CAT  \\$aBATCH-UPD$b00$c20201118$lBLL01$h1337
=CAT  \\$aIPL-CLA$c20201231$lBLL01$h1533
=CAT  \\$aBATCH-UPD$b00$c20221121$lBLL01$h1350
=CAT  \\$aIPL-CLA$c20221231$lBLL01$h1454
=CAT  \\$a5410$b40$c20230418$lBLL01$h2209
=CFI  0\$aCurrent copyright fee: GBP37.00$c2\0$e01-jan-2023$fGBP37.00$g0$hP$5Uk
=CFI  2\$aPrevious copyright fee: GBP35.00$c2\0$e01-jan-2021$fGBP35.00$g0$hP$5Uk
=FFP  \\$aY$bBLDSS-3PM
=FIN  \\$aY$d20160324
=LET  \0$aJournal of family studies (Electronic)
=LKR  \\$aPAR$b010489557$lBLL01$r776$mJournal of family studies.$nJournal of family studies
=MNI  \\$a1322-9400
=SID  \\$aZ39$bOCLC
=TOC  \\$aETOC
=ACF  \\$aPrevious copyright fee: GBP26.00$c2\0$e29-feb-2016$fGBP26.00$g0$hP$5Uk
=ACF  \\$aPrevious copyright fee: GBP28.00$c2\0$e01-jan-2017$fGBP28.00$g0$hP$5Uk
=ACF  \\$aPrevious copyright fee: GBP30.00$c2\0$e01-jan-2018$fGBP30.00$g0$hP$5Uk
=ACF  \\$aPrevious copyright fee: GBP32.00$c2\0$e01-jan-2019$fGBP32.00$g0$hP$5Uk
=ACF  \\$aPrevious copyright fee: GBP34.00$c2\0$e01-jan-2020$fGBP34.00$g0$hP$5Uk
=LAS  \\$a5410$b40$c20230418$lBLL01$h2209

