=LDR  02580cas a2200697 i 4500
=001  019437403
=003  Uk
=005  20211022085206.0
=006  m\\\\\\\\d\|\\\\\\
=007  cr||||||||||||
=008  190614c20209999enkmr\p\o\\\\\0\\\a0eng\\
=FMT  \\$a  SE
=015  \\$aGBC1H5442$2bnb
=022  0\$a2632-8682$202
=037  \\$aISSN_26328682_53$bPortico$nRoyal Society of Chemistry
=040  \\$aUk$beng$cUk$erda
=042  \\$aissnuk$aukblsr
=082  04$a615.19005$223
=210  0\$aRSC med. chem.
=222  \0$aRSC medicinal chemistry
=245  00$aRSC medicinal chemistry.
=246  3\$aRoyal Society of Chemistry medicinal chemistry
=264  \1$aCambridge :$bRoyal Society of Chemistry,$c2020-
=310  \\$aMonthly
=336  \\$atext$2rdacontent
=337  \\$acomputer$2rdamedia
=338  \\$aonline resource$2rdacarrier
=362  0\$aVolume 11, number 1 (January 2020)-
=500  \\$aTitle from PDF cover (viewed February 3, 2020).
=540  \\$aCurrent copyright fee: GBP46.75$c6\1$5Uk
=650  \0$aPharmaceutical chemistry$vPeriodicals.
=710  2\$aRoyal Society of Chemistry (Great Britain),$eissuing body.
=780  00$tMedChemComm (Online)$x2040-2511
=856  40$31850-9999$uhttp://www.rsc.org/$xBLDSS
=859  \\$aELD$bejournal
=856  4\$uhttps://www.rsc.org/journals-books-databases/about-journals/rsc-medicinal-chemistry$xOA-J
=852  \\$aBritish Library$bDSC$j8036.751550$3Volume 11:Issue 1(2020)-
=852  41$aBritish Library$bHMNTS$jELD Digital store$3Volume 11:Issue 10(2020)-
=945  \\$aRSC medicinal chemistry
=959  \\$fCurrently received
=985  \\$aISSN UK Centre note: ROAD OA
=CAT  \\$a10973$b40$c20190614$lBLL01$h1429
=CAT  \\$a14586$b40$c20200123$lBLL01$h1200
=CAT  \\$a10806$b40$c20200203$lBLL01$h0829
=CAT  \\$a10806$b40$c20200203$lBLL01$h0830
=CAT  \\$a12654$b40$c20200303$lBLL01$h1456
=CAT  \\$aBLDSS-3PM$b00$c20200327$lBLL01$h1323
=CAT  \\$aBATCH-UPD$b00$c20200327$lBLL01$h1324
=CAT  \\$a5552$b40$c20200626$lBLL01$h0802
=CAT  \\$a8055$b40$c20201106$lBLL01$h1434
=CAT  \\$a10806$b40$c20211022$lBLL01$h0849
=CAT  \\$a10806$b40$c20211022$lBLL01$h0850
=CAT  \\$a10806$b40$c20211022$lBLL01$h0852
=CFI  0\$aCurrent copyright fee: GBP46.75$c6\1$e03-mar-2020$fGBP46.75$g0$hP$5Uk
=FFP  \\$aY$bBLDSS-3PM
=FIN  \\$aY$d20200203
=LKR  \\$aPAR$b014907367$lBLL01$r78000$mRSC medicinal chemistry$nMedChemComm
=MNI  \\$a2632-8682
=TOC  \\$aETOC
=UNO  \\$aY
=LAS  \\$a10806$b40$c20211022$lBLL01$h0852

