=LDR  03121cas a2200781 i 4500
=001  017078403
=003  Uk
=005  20230906130209.0
=006  m\\\\\\\\d\|\\\\\\
=007  cr||||||||||||
=008  150223c20159999enkqr\p\o\\\\\0\\\a0eng\\
=FMT  \\$a  SE
=015  \\$aGBB856031$2bnb
=022  0\$a2058-6124$202
=037  \\$a???$bSpringer
=040  \\$aUk$beng$cUk$dUk$erda
=042  \\$aissnuk$aukblsr
=082  04$a617.482044$223
=222  \0$aSpinal cord series and cases
=245  00$aSpinal cord series and cases.
=264  \1$aLondon :$bSpringer Nature
=310  \\$aQuarterly
=336  \\$atext$2rdacontent
=337  \\$acomputer$2rdamedia
=338  \\$aonline resource$2rdacarrier
=362  1\$aBegan in 2015.
=515  \\$aArticles are added consecutively as received and displayed by year of publication.
=540  \\$aCurrent copyright fee: GBP34.95$c16\0$5Uk
=588  \\$aDescription based on: Articles from July 09, 2015, title from journal homepage (publisher's Web site, viewed September 24, 2015).
=588  \\$aLatest issue consulted: volume 4 (2018) (Publisher's website, viewed March 20, 2018).
=650  \0$aSpinal cord$xWound and injuries$vPeriodicals.
=650  \0$aSpinal cord$xDiseases$vPeriodicals.
=710  2\$aInternational Spinal Cord Society,$eissuing body.
=710  2\$aDeutsche Medizinische Gesellschaft für Paraplegie.
=859  \\$aELD$bejournal
=856  \\$31850-9999$uhttp://link.springer.com/$xBLDSS
=856  40$uhttp://www.nature.com/scsandc/$xOA-J
=852  \\$aBritish Library$bDSC$j8413.896000$3Volume 1(2015)-***See ESTAR for full holdings.
=852  41$aBritish Library$bHMNTS$jELD Digital store$3Volume 3:Issue 1(2017)-
=945  \\$aSpinal cord series and cases
=985  \\$aISSN UK Centre note: ROAD OA
=CAT  \\$a11313$b40$c20150223$lBLL01$h1259
=CAT  \\$a11313$b40$c20150303$lBLL01$h0834
=CAT  \\$a10973$b40$c20150924$lBLL01$h1128
=CAT  \\$a11450$b40$c20180109$lBLL01$h1341
=CAT  \\$a11450$b40$c20180110$lBLL01$h1105
=CAT  \\$a5110$b40$c20180320$lBLL01$h1158
=CAT  \\$a5110$b40$c20180326$lBLL01$h1535
=CAT  \\$a5110$b40$c20180409$lBLL01$h1330
=CAT  \\$a5552$b40$c20200818$lBLL01$h0742
=CAT  \\$aBATCH-UNOA$c20200818$lBLL01$h2105
=CAT  \\$a5410$b40$c20200826$lBLL01$h1141
=CAT  \\$aBLDSS-3PM$b00$c20200828$lBLL01$h1100
=CAT  \\$aBATCH-UPD$b00$c20200828$lBLL01$h1100
=CAT  \\$a12654$b40$c20210420$lBLL01$h0750
=CAT  \\$a8055$b40$c20230808$lBLL01$h1319
=CAT  \\$a8055$b40$c20230906$lBLL01$h1046
=CAT  \\$a8055$b40$c20230906$lBLL01$h1049
=CAT  \\$a8055$b40$c20230906$lBLL01$h1302
=CFI  0\$aCurrent copyright fee: GBP34.95$c16\0$e06-sep-2023$fGBP34.95$g0$hP$5Uk
=CFI  2\$aPrevious copyright fee: zero$c16\0$e08-aug-2023$fGBP0.00$g0$hP$5Uk
=CFI  2\$aPrevious copyright fee: zero$c22\1$e18-aug-2020$fGBP0.00$g0$hP$5Uk
=FFP  \\$aY$bBLDSS-3PM
=FIN  \\$aY$d20150924
=LET  \0$aSpinal cord series and cases (Electronic)
=TOC  \\$aETOC
=UNO  \\$aY
=LAS  \\$a8055$b40$c20230906$lBLL01$h1302

