=LDR  05271cas a2201153 a 4500
=001  012088085
=003  Uk
=005  20191231191017.0
=006  m\\\\\o\\d\\\\\\\\
=007  cr\mnu||||||||
=008  020529c19259999enkqr\pso\\\\\0\\\a0eng\c
=FMT  \\$a  SE
=010  \\$a2005233922
=015  \\$aGBB353620$2bnb
=019  c\$a102063418
=022  0\$a1475-4932
=035  \\$a(OCoLC)49884749$z(OCoLC)38949798
=037  \\$aISSN_00130249$bPortico$nWiley
=040  \\$aEEM$beng$cEEM$dOCLCQ$dGUA$dOCLCQ$dCIT$dOCLCQ$dUk
=042  \\$aukblsr
=043  \\$au-at---
=050  14$aHC601
=082  04$a330.99$223
=130  0\$aEconomic record (Melbourne, Australia : Online)
=222  \0$aEconomic record$b(Online)
=245  14$aThe economic record$h[electronic resource].
=260  \\$a[Oxford] :$bBlackwell Publishers
=264  31$a[Oxford] :$bWiley-Blackwell
=310  \\$aQuarterly
=336  \\$atext$2rdacontent
=337  \\$acomputer$2rdamedia
=338  \\$aonline resource$2rdacarrier
=362  1\$aPrint began in 1925.
=525  \\$aSupplements accompany some issues.
=538  \\$aMode of access: World Wide Web.
=550  \\$aPublished on behalf of the Economic Society of Australia.
=588  \\$aDescription based on: Vol. 77, issue 236 (Mar. 2001); title from contents screen (Blackwell Synergy, viewed May 5, 2005).
=588  \\$aLatest issue consulted: volume 89, issue 284 (March 2013) (Wiley Online Library, viewed June 10, 2013).
=540  \\$aCurrent Copyright Fee: GBP32.00$c35\0$5Uk
=651  \0$aAustralia$xEconomic conditions$vPeriodicals.
=690  7\$aManagement and Business Studies$2blcoll
=776  08$iAlso issued in print as:$tEconomic record$x0013-0249
=710  2\$aEconomic Society of Australia,$eissuing body.
=859  \\$aELD$bejournal
=856  \\$31850-9999$uhttp://onlinelibrary.wiley.com/$xBLDSS
=856  40$uhttp://firstsearch.oclc.org$zAddress for accessing the journal using authorization number and password through OCLC FirstSearch Electronic Collections Online
=856  40$uhttp://firstsearch.oclc.org/journal=0013-0249;screen=info;ECOIP$zAddress for accessing the journal from an authorized IP address through OCLC FirstSearch Electronic Collections Online
=856  40$uhttp://onlinelibrary.wiley.com/journal/10.1111/(ISSN)1475-4932
=856  40$uhttp://www.blackwell-synergy.com/servlet/useragent?func=showIssues&code=ecor
=856  40$uhttp://www.ingenta.com$zConnect to journal--authorized users
=852  41$aBritish Library$bHMNTS$jELD Digital store$3Volume 89:Issue 284(2013:Mar.)-***Previous issues available in print copy
=852  41$aBritish Library$bDSC$j3654.200000$3mar-2003 VOL 79 ISSU 244-Volume 87:Issue 279(2011)***See ESTAR for full holdings.
=945  \\$aECONOMIC RECORD -MELBOURNE-.
=959  \\$fHeld but not currently received
=963  \\$aVOL. 1, 1925- 42, 1966 *A=1 SEE ALSO RCS.PER.925$bY$cP220.C.97
=985  \\$aISSN responsibility transferred to U.S. ISSN Center from ISSN UK Centre, Wiley, Multinational Publisher List, Summer 2017
=CAT  \\$aCONV$b00$c20040425$lBLL90$h0850
=CAT  \\$a5997$b40$c20130610$lBLL01$h1010
=CAT  \\$aBATCH-MBS$c20130614$lBLL01$h2122
=CAT  \\$aWR13.114$c20130717$lBLL01$h1312
=CAT  \\$aBATCH-PORT$c20130829$lBLL01$h1114
=CAT  \\$aBATCH-CLA$b00$c20140125$lBLL01$h1254
=CAT  \\$a14112$b40$c20140131$lBLL01$h1013
=CAT  \\$aWR14_009$c20140204$lBLL01$h2342
=CAT  \\$aBATCH-CLA$c20140225$lBLL01$h2318
=CAT  \\$aBLDSS-3PM$b00$c20141214$lBLL01$h1521
=CAT  \\$aBATCH-UPD$b00$c20150215$lBLL01$h1622
=CAT  \\$aIPL-CLA$c20150228$lBLL01$h2045
=CAT  \\$aBATCH-UPD$b00$c20150507$lBLL01$h1532
=CAT  \\$aBATCH-UPD$b00$c20160413$lBLL01$h1814
=CAT  \\$aBATCH-UPD$b00$c20160620$lBLL01$h0152
=CAT  \\$aW1703-0316$c20170306$lBLL01$h1823
=CAT  \\$aW1703-0316$c20170307$lBLL01$h1646
=CAT  \\$aIPL-CLA$c20170307$lBLL01$h1823
=CAT  \\$a10806$b40$c20170907$lBLL01$h1547
=CAT  \\$aW1711-1005$c20171206$lBLL01$h1814
=CAT  \\$aBATCH-UPD$b00$c20180219$lBLL01$h1744
=CAT  \\$aBATCH-UPD$b00$c20181121$lBLL01$h1620
=CAT  \\$aIPL-CLA$c20181231$lBLL01$h1539
=CAT  \\$aR1911-0245$c20191127$lBLL01$h0822
=CAT  \\$aR1911-0245$c20191127$lBLL01$h1044
=CAT  \\$aIPL-CLA$c20191231$lBLL01$h1910
=CFI  0\$aCurrent Copyright Fee: GBP32.00$c35\0$e01-jan-2020$fGBP32.00$g0$hP$5Uk
=CFI  2\$aPrevious copyright fee: GBP28.00$c35\0$e01-jan-2019$fGBP28.00$g0$hP$5Uk
=FFP  \\$aY$bBLDSS-3PM
=FIN  \\$aY
=LEO  \\$aMP22.0000067894
=LKR  \\$aPAR$b007845987$lBLL01$nEconomic record (Print)$mEconomic record (Online)$r776
=MNI  \\$a0013-0249
=SID  \\$aZ39$bOCLC
=SRC  \\$aISN01$bbibmp22.200404.2.aa
=TCO  \\$aCLA$bCLA$c008
=TOC  \\$aETOC
=UNO  \\$aY
=ACF  \\$aPrevious copyright fee: GBP15.00$c10\0$e01-apr-2004$fGBP15.00$g0$hP$5Uk
=ACF  \\$aPrevious copyright fee: GBP22.00$c10\0$e01-jan-2006$fGBP22.00$g0$hP$5Uk
=ACF  \\$aPrevious copyright fee: GBP24.00$c10\0$e01-mar-2015$fGBP24.00$g0$hP$5Uk
=ACF  \\$aPrevious copyright fee: GBP24.00$c35\0$e07-mar-2017$fGBP24.00$g0$hP$5Uk
=LAS  \\$aIPL-CLA$b00$c20191231$lBLL01$h1910

