=LDR  04054cas a2200973 a 4500
=001  012914354
=003  Uk
=005  20160128093603.0
=006  m\\\\\\\\d\\\\\\\\
=007  cr\un|||||||||
=008  060425c20059999enkqr\pss\\\\\0\\\a0eng\d
=FMT  \\$a  SE
=015  \\$aGBA8C7473$2bnb
=022  0\$a1742-738X$202
=035  \\$a(OCoLC)67616058
=037  \\$aISSN_17427371$bPortico$nEmerald
=040  \\$aOCLCS$cOCLCS$dOCLCS$dNLGGC$dUk
=042  \\$aissnuk$aukblsr
=082  04$a004.6$222
=084  \\$a54.81$2bcl
=130  0\$aInternational journal of pervasive computing and communications (Online)
=210  0\$aInt. j. pervasive comput. commun.$b(Online)
=222  \0$aInternational journal of pervasive computing and communications$b(Online)
=245  10$aInternational journal of pervasive computing and communications$h[electronic resource].
=246  30$aPervasive computing and communications
=246  13$aJPCC
=260  \\$aLeicester :$bTroubador Publishing Ltd.
=260  3\$32007-$aBingley :$bEmerald
=310  \\$aQuarterly
=336  \\$atext$2rdacontent
=337  \\$acomputer$2rdamedia
=338  \\$aonline resource$2rdacarrier
=362  1\$aPrint began with v. 1, issue 1 (Mar. 2005).
=500  \\$aDescription based on print version record.
=530  \\$aAlso issued in print.
=538  \\$aMode of access: World Wide Web.
=540  \\$aCurrent copyright fee: GBP30.00$c25\0$5Uk
=650  \0$aUbiquitous computing$vPeriodicals.
=650  \0$aMobile computing$vPeriodicals.
=650  \0$aComputer network protocols$vPeriodicals.
=650  \0$aComputer network architectures$vPeriodicals.
=650  \0$aApplication software$xDevelopment$vPeriodicals.
=776  1\$tInternational journal of pervasive computing and communications$x1742-7371
=859  \\$aELD$bejournal
=856  \\$31850-9999$uhttp://www.emeraldinsight.com/$xBLDSS
=856  4\$uhttp://www.troubador.co.uk/jpcc/$zNo longer links to issues, as of Mar. 2007
=856  40$uhttp://info.emeraldinsight.com/products/journals/journals.htm?PHPSESSID=hprfp8ctb78gnbgodr3rkog6s0&id=ijpcc
=852  41$aBritish Library$bSTI$jELD Digital store$3Volume 10:Issue 1(2014)-***Previous issues available in print copy
=852  41$aBritish Library$bDSC$j4542.452750$3Volume 2:Issue 3(2007)-Volume 7:Issue 4(2011)***See ESTAR for full holdings.
=945  \\$aInternational journal of pervasive computing and communications
=959  \\$fHeld but not currently received
=CAT  \\$a3072$b40$c20040511$lTMP01$h1218
=CAT  \\$aEXLIBRIS$c20040606$lBLL01$h1133
=CAT  \\$a8323$b40$c20060425$lBLL01$h0915
=CAT  \\$a8464$b40$c20081016$lBLL01$h0912
=CAT  \\$a8464$b40$c20081016$lBLL01$h0918
=CAT  \\$a3072$b40$c20081105$lBLL01$h1454
=CAT  \\$aISSN$b40$c20081203$lBLL01$h0841
=CAT  \\$aCDS12-UPD$b40$c20111212$lBLL01$h1841
=CAT  \\$aWR13.050$c20130324$lBLL01$h1445
=CAT  \\$aBATCH-UPD$b00$c20130904$lBLL01$h1926
=CAT  \\$aIPL-CLA$c20130930$lBLL01$h1741
=CAT  \\$a8464$b40$c20131120$lBLL01$h0900
=CAT  \\$a8464$b40$c20131120$lBLL01$h0901
=CAT  \\$a11316$b40$c20131125$lBLL01$h1134
=CAT  \\$aWR14_009$c20140204$lBLL01$h2345
=CAT  \\$aWR14_140$c20140905$lBLL01$h1805
=CAT  \\$aBLDSS-3PM$b00$c20141121$lBLL01$h1852
=CAT  \\$aBATCH-UPD$b00$c20151109$lBLL01$h1746
=CAT  \\$aIPL-CLA$c20151109$lBLL01$h1813
=CAT  \\$a11316$b40$c20160128$lBLL01$h0936
=CAT  \\$aBATCH-UPD$b40$c20160606$lBLL01$h0403
=CAT  \\$aW1711-1005$c20171206$lBLL01$h1816
=CFI  0\$aCurrent copyright fee: GBP30.00$c25\0$e09-nov-2015$fGBP30.00$g0$hP$5Uk
=CFI  2\$aPrevious copyright fee: GBP20.00$c25\0$e01-oct-2013$fGBP20.00$g0$hP$5Uk
=FFP  \\$aY$bBLDSS-3PM
=FIN  \\$aY$d20060425
=MNI  \\$a1742-7371
=SID  \\$aZ39$bOCLC
=TCO  \\$aCLA$bCLA$c008
=TOC  \\$aETOC
=UNO  \\$aY
=ACF  \\$aPrevious copyright fee: GBP15.00$c25\0$e16-oct-2008$fGBP15.00$g0$hP$5Uk
=LAS  \\$aW1711-1005$b00$c20171206$lBLL01$h1816

