=LDR  04941cas a2201213 a 4500
=001  013363802
=003  Uk
=005  20230930080844.0
=006  m\\\\\o\\d\\\\\\\\
=007  cr\nn|||||||||
=008  030128c19729999sw\qr\pso\\\\\0\\\a0eng\c
=FMT  \\$a  SE
=010  \\$a2009247690
=015  \\$aGBB349475$2bnb
=016  7\$a0332203$2DNLM
=016  7\$aU04280000$2DNLM
=022  \\$a2000-1967$y0300-9734$21
=030  \\$aUJMSAP
=035  \\$a(OCoLC)51525866$z(OCoLC)68923635$z(OCoLC)232117533$z(OCoLC)243561400
=037  3\$aISSN_03009734$bPortico$nTaylor & Francis
=037  \\$aISSN_03009734_98$bPortico$nInforma Healthcare
=040  \\$aHUA$cHUA$dOCLCQ$dSBH$dUk
=042  \\$aukblsr
=050  14$aR81$b.U67
=060  \4$aW1$bUP67K
=082  04$a610.5$223
=130  0\$aUpsala journal of medical sciences (Online)
=210  0\$aUpsala j. med. sci.$b(Online)
=222  \0$aUpsala journal of medical sciences$b(Online)
=245  10$aUpsala journal of medical sciences$h[electronic resource].
=246  13$aUJMS
=260  \\$aBoston, Mass. :$bEBSCO Pub
=260  2\$aUpsala :$bUpsala Medical Society
=260  2\$3<2012->:$aLondon, England :$bInforma Healthcare
=264  31$aUpsala :$bUpsala Medical Society
=310  \\$aFour issues yearly,$b2009-
=321  \\$a3 issues yearly,$b-2008
=336  \\$atext$2rdacontent
=337  \\$acomputer$2rdamedia
=338  \\$aonline resource$2rdacarrier
=362  0\$aVolume 77, number 1 (June 1972)-
=510  2\$aChemical abstracts,$x0009-2258,$b-1987
=538  \\$aMode of access: World Wide Web.
=588  \\$aLatest issue consulted: Volume 127 (2022), journal web pages, viewed October 12, 2022.
=540  \\$aCurrent copyright fee: zero$c2\0$5Uk
=650  12$aMedicine$vPeriodicals.
=650  \0$aMedicine$vPeriodicals.
=655  \0$aElectronic journals.
=770  0\$tUpsala journal of medical sciences. Supplement$x0300-9726
=776  1\$tUpsala journal of medical sciences$x0300-9734
=780  00$tActa Societas Medicorum Upsaliensis (Online)
=710  2\$aUpsala Medical Society.
=770  0\$tUpsala journal of medical sciences. Supplement
=776  08$iPrint version:$tUpsala journal of medical sciences$x0300-9734
=780  00$tActa Societas Medicorum Upsaliensis
=859  \\$aELD$bejournal
=856  \\$31850-9999$uhttp://informahealthcare.com$xBLDSS
=856  4\$uhttp://www.tandf.co.uk/journals/titles/03009734.html$zLink no longer valid as of May 7, 2009:
=856  40$uhttp://informahealthcare.com/loi/ups
=856  40$uhttp://informahealthcare.com/ups
=856  40$uhttp://search.epnet.com/direct.asp?db=aph&jn="BE3"&scope=site
=856  40$uhttps://ujms.net/index.php/ujms/issue/view/523
=852  41$aBritish Library$bDSC$j9122.700000$3Volume 113:Issue 1(2008)-Volume 116:Issue 4(2011)***See ESTAR for full holdings.
=852  41$aBritish Library$bSTI$jELD Digital store$3Volume 118:Number 2(2013:Jun.)-Volume 125:Number 4(2020)
=945  \\$aUpsala journal of medical sciences
=959  \\$fHeld but not currently received
=979  \\$aBritish Library$bDSC$j9122.700000
=CAT  \\$a11281$b40$c20051219$lBLL01$h1110
=CAT  \\$a5552$b40$c20091111$lBLL01$h1043
=CAT  \\$a8483$b40$c20110308$lBLL01$h1329
=CAT  \\$a8483$b40$c20110308$lBLL01$h1330
=CAT  \\$aCDS12-UPD$b40$c20111212$lBLL01$h1857
=CAT  \\$aBATCH-UPD$b40$c20121125$lBLL01$h1435
=CAT  \\$aWR12_168$c20121206$lBLL01$h1816
=CAT  \\$a5508$b40$c20130218$lBLL01$h1550
=CAT  \\$a11315$b40$c20130521$lBLL01$h1150
=CAT  \\$aWR13.114$c20130717$lBLL01$h1313
=CAT  \\$aBATCH-PORT$c20130829$lBLL01$h1114
=CAT  \\$aWR14_009$c20140204$lBLL01$h2347
=CAT  \\$a5552$b40$c20140219$lBLL01$h1525
=CAT  \\$aIPL-CLA$c20140331$lBLL01$h1628
=CAT  \\$aBLDSS-3PM$b00$c20141121$lBLL01$h1802
=CAT  \\$a8411$b40$c20151202$lBLL01$h0944
=CAT  \\$a14448$b40$c20160205$lBLL01$h1101
=CAT  \\$a11433$b40$c20160420$lBLL01$h1404
=CAT  \\$aBATCH-UPD$b40$c20160524$lBLL01$h2148
=CAT  \\$aBATCH-UPD$b40$c20160524$lBLL01$h2159
=CAT  \\$aW1711-1005$c20171206$lBLL01$h1819
=CAT  \\$a5410$b40$c20200204$lBLL01$h0849
=CAT  \\$a11205$b40$c20221012$lBLL01$h1601
=CAT  \\$a5410$b40$c20221022$lBLL01$h1224
=CAT  \\$aR2308-1440$c20230824$lBLL01$h0928
=CAT  \\$aIPL-CLA$c20230930$lBLL01$h0808
=CFI  0\$aCurrent copyright fee: zero$c2\0$e01-oct-2023$fGBP0.00$g0$hP$5Uk
=CFI  2\$aPrevious copyright fee: zero$c45\0$e01-apr-2014$fGBP0.00$g0$hP$5Uk
=FFP  \\$aY$bBLDSS-3PM
=FIN  \\$aY$d20051219
=MNI  \\$a0300-9734
=SID  \\$aZ39$bOCLC
=TCO  \\$aTRS$bCCC$c008
=TOC  \\$aETOC
=ACF  \\$aCurrent copyright fee: GBP16.00$c2\0$e09-feb-2009$fGBP16.00$g0$hP$5Uk
=ACF  \\$aPrevious copyright fee: GBP57.00$c45\0$e11-nov-2009$fGBP57.00$g0$hP$5Uk
=LAS  \\$aIPL-CLA$b00$c20230930$lBLL01$h0808

