=LDR  05836cas a2201261 a 4500
=001  011457933
=003  Uk
=005  20221030125404.0
=006  m\\\\\o\\d\\\\\\\\
=007  cr\mnu||||||||
=008  980306c19749999enkqr\pso\\\\\0\\\a0eng\c
=FMT  \\$a  SE
=010  \\$a2005233996
=015  \\$aGBB353500$2bnb
=022  0\$a1467-8594$202
=030  \\$aBUSRAM
=035  \\$a(OCoLC)38562742$z(OCoLC)51641194$z(OCoLC)51641885
=037  \\$aISSN_00453609$bPortico$nWiley
=040  \\$aFGA$beng$cFGA$dOCL$dSYB$dOCL$dOCLCQ$dGUA$dOCLCS$dEQO$dUQ1$dOCLCQ$dOCLCO$dOCLCQ$dUk
=042  \\$aukblsr$aissnuk
=043  \\$an-us---
=050  14$aHD60.5.U5
=082  04$a658.408$223
=130  0\$aBusiness and society review (Online)
=210  0\$aBus. soc. rev.$b(1974. Online)
=222  \0$aBusiness and society review$b(1974. Online)
=245  10$aBusiness and society review$h[electronic resource].
=260  \\$aOxford :$bBlackwell Publishers
=310  \\$aQuarterly
=336  \\$atext$2rdacontent
=337  \\$acomputer$2rdamedia
=338  \\$aonline resource$2rdacarrier
=362  1\$aPrint began in 1974.
=538  \\$aMode of access: World Wide Web.
=550  \\$aJournal of the Center for Business Ethics at Bentley College.
=588  \\$aDescription based on: Vol. 99, issue 1 (June 1998); title from contents screen (Blackwell Synergy, viewed Apr. 13, 2005).
=588  \\$aLatest issue consulted: volume 118:2 (summer 2013); (Wiley Online Library, viewed June 6, 2013).
=540  \\$aCurrent Copyright Fee: GBP32.00$c35\0$5Uk
=650  \0$aIndustries$xSocial aspects$zUnited States$vPeriodicals.
=650  \0$aIndustries$xSocial aspects$vPeriodicals.
=650  \0$aInternational business enterprises$xSocial aspects$vPeriodicals.
=650  \7$aResponsabilité sociale.$2rasuqam
=650  \7$aDéontologie.$2rasuqam
=650  \7$aMorale des affaires.$2rasuqam
=650  17$aEntreprise.$2rasuqam
=650  \7$aEntreprise multinationale.$2rasuqam
=650  \7$aAspect social.$2rasuqam
=690  7\$aManagement and Business Studies$2blcoll
=776  0\$tBusiness and society review (1974. Print)$x0045-3609
=710  2\$aBentley College.$bCenter for Business Ethics.
=776  08$iPrint version:$tBusiness and society review$x0045-3609
=859  \\$aELD$bejournal
=856  \\$31850-9999$uhttp://onlinelibrary.wiley.com/$xBLDSS
=856  40$uhttp://firstsearch.oclc.org$zAddress for accessing the journal using authorization number and password through OCLC FirstSearch Electronic Collections Online
=856  40$uhttp://firstsearch.oclc.org/journal=0045-3609;screen=info;ECOIP$zAddress for accessing the journal from an authorized IP address through OCLC FirstSearch Electronic Collections Online
=856  40$uhttp://onlinelibrary.wiley.com/journal/10.1111/(ISSN)1467-8594
=856  40$uhttp://www.blackwell-synergy.com/servlet/useragent?func=showIssues&code=basr
=856  40$uhttp://www.blackwellpublishing.com/journal.asp?ref=0045-3609&site=1
=856  40$uhttp://www.umi.com/proquest$zAddress for accessing the journal through UMI ProQuest Direct
=856  40$uhttp://www.ingenta.com/journals/browse/bpl/basr$zAddress for accessing journal from an authorized IP address through Ingenta
=852  41$aBritish Library$bDSC$j2933.226000$3Volume 100/101:Issue 1(1998)-Volume 119:Issue 4(2014)***See ESTAR for full holdings.
=852  41$aBritish Library$bHMNTS$jELD Digital store$3Volume 118:Number 1(2013:Spring)-
=945  \\$aBUSINESS AND SOCIETY REVIEW -BOSTON AND NEW YORK-.
=959  \\$fHeld but not currently received
=979  \\$aBritish Library$bDSC$j2933.226000
=CAT  \\$aCONV$b00$c20040425$lBLL90$h0850
=CAT  \\$aWR13.114$c20130717$lBLL01$h1312
=CAT  \\$a12654$b40$c20130724$lBLL01$h1444
=CAT  \\$a8409$b40$c20130816$lBLL01$h1128
=CAT  \\$aBATCH-PORT$c20130829$lBLL01$h1113
=CAT  \\$aBATCH-CLA$b00$c20140125$lBLL01$h1311
=CAT  \\$a5552$b40$c20140131$lBLL01$h1038
=CAT  \\$aWR14_009$c20140204$lBLL01$h2343
=CAT  \\$aBATCH-CLA$c20140225$lBLL01$h2317
=CAT  \\$aBLDSS-3PM$b00$c20141214$lBLL01$h1520
=CAT  \\$aBATCH-UPD$b00$c20150215$lBLL01$h1622
=CAT  \\$aIPL-CLA$c20150228$lBLL01$h2045
=CAT  \\$aCDS15-UPD$b40$c20150918$lBLL01$h1639
=CAT  \\$aBATCH-UPD$b40$c20160529$lBLL01$h2352
=CAT  \\$aW1703-0316$c20170306$lBLL01$h1823
=CAT  \\$aW1703-0316$c20170307$lBLL01$h1646
=CAT  \\$aIPL-CLA$c20170307$lBLL01$h1823
=CAT  \\$aW1711-1005$c20171206$lBLL01$h1814
=CAT  \\$aBATCH-UPD$b00$c20180219$lBLL01$h1743
=CAT  \\$aBATCH-UPD$b00$c20181121$lBLL01$h1620
=CAT  \\$aIPL-CLA$c20181231$lBLL01$h1538
=CAT  \\$a5410$b40$c20191017$lBLL01$h1308
=CAT  \\$aR1911-0245$c20191127$lBLL01$h0822
=CAT  \\$aR1911-0245$c20191127$lBLL01$h1044
=CAT  \\$aIPL-CLA$c20191231$lBLL01$h1852
=CAT  \\$a5410$b40$c20221030$lBLL01$h1254
=CFI  0\$aCurrent Copyright Fee: GBP32.00$c35\0$e01-jan-2020$fGBP32.00$g0$hP$5Uk
=CFI  2\$aPrevious copyright fee: GBP28.00$c35\0$e01-jan-2019$fGBP28.00$g0$hP$5Uk
=FFP  \\$aY$bBLDSS-3PM
=FIN  \\$aY
=LEO  \\$aMP22.0000062111
=LET  \0$aBusiness and society review (Online)
=LKR  \\$aPAR$b011737907$lBLL01$nBusiness and society review (Print)$mBusiness and society review (Online)$r776
=MNI  \\$a0045-3609
=SID  \\$aZ39$bOCLC
=SRC  \\$aISN01$bbibmp22.200404.2.aa
=TCO  \\$aCLA$bCLA$c008
=TOC  \\$aETOC
=UNO  \\$aY
=ACF  \\$aPrevious copyright fee: GBP22.00$c10\0$e24-jul-2013$fGBP22.00$g0$hP$5Uk
=ACF  \\$aPrevious copyright fee: GBP24.00$c10\0$e01-mar-2015$fGBP24.00$g0$hP$5Uk
=ACF  \\$aPrevious copyright fee: GBP24.00$c35\0$e07-mar-2017$fGBP24.00$g0$hP$5Uk
=LAS  \\$a5410$b40$c20221030$lBLL01$h1254

