=LDR  06621cas a2201393 a 4500
=001  011457964
=003  Uk
=005  20221030125445.0
=006  m\\\\\\\\d\\\\\\\\
=007  cr\mnu||||||||
=008  980407c19909999enkbr\pss\\\\\0\\\a0eng\c
=FMT  \\$a  SE
=010  \\$a2002211507
=015  \\$aGBB409872$2bnb
=019  c\$a102407035
=022  0\$a1467-9280$202
=035  \\$a(OCoLC)38912661$z(OCoLC)46970697
=037  \\$aPSS$bSage (UK) Ltd
=040  \\$aF#A$beng$cF#A$dOCL$dOCLCQ$dNSD$dOCLCQ$dPIT$dCIT$dEYM$dDLC$dOCLCQ$dUk
=042  \\$ansdp$aukblsr$aissnuk
=050  \4$aBF1
=082  10$a150.5$223
=130  0\$aPsychological science (Online)
=210  0\$aPsychol. sci.$b(Online)
=222  \0$aPsychological science$b(Online)
=245  10$aPsychological science$h[electronic resource].
=260  \\$aNew York, NY :$bCambridge University Press,$c1990-
=260  2\$31998-$aMalden, Mass. :$bBlackwell Publishers
=260  3\$a[London] :$bSage
=310  \\$aBimonthly
=336  \\$atext$2rdacontent
=337  \\$acomputer$2rdamedia
=338  \\$aonline resource$2rdacarrier
=362  0\$aVol. 1, no. 1 (Jan. 1990)-
=530  \\$aAlso issued in print.
=500  \\$aTitle from issue cover (JSTOR, viewed Aug. 21, 2009).
=550  \\$aA journal for the Association of Psychological Science.
=588  \\$aLatest issue consulted: volume 25, number 1 (January 2014) (Sage Journals, viewed January 28, 2014).
=540  \\$aCurrent copyright fee: GBP26.25$c103\0$5Uk
=650  \0$aPsychology$vPeriodicals.
=710  2\$aAssociation for Psychological Science.
=776  1\$tPsychological science$x0956-7976
=859  \\$aELD$bejournal
=856  \\$31850-9999$uhttp://online.sagepub.com/$xBLDSS
=856  4\$uhttp://firstsearch.oclc.org/journal=0956-7976;screen=info;ECOIP$zAddress for accessing the journal from an authorized IP address through OCLC FirstSearch Electronic Collections Online
=856  40$uhttp://pss.sagepub.com/
=856  40$uhttp://www.blackwellpublishers.co.uk/online
=856  40$uhttp://www.blackwellpublishing.com/journal.asp?ref=0956-7976&site=1
=856  40$uhttp://www.ingenta.com/journals/browse/bpl/psci?mode=direct
=856  40$uhttp://www.jstor.org/journals/09567976.html
=852  41$aBritish Library$bDSC$j6946.530300$3Volume 9:Part 1(1998)-Volume 20:Issue 12(2009)***See ESTAR for full holdings.
=852  41$aBritish Library$bHMNTS$jELD Digital store$3Volume 24:Number 1(2013)-***Previous issues available in print copy
=945  \\$aPsychological science -Cambridge-
=959  \\$fHeld but not currently received
=979  \\$aBritish Library$bDSC$j6946.530300
=CAT  \\$aCONV$b00$c20040425$lBLL90$h0850
=CAT  \\$aIPL-CLA$c20160930$lBLL01$h1555
=CAT  \\$aBATCH-UPD$b00$c20170216$lBLL01$h1738
=CAT  \\$aIPL-CLA$c20170331$lBLL01$h1837
=CAT  \\$aBATCH-UPD$b00$c20170904$lBLL01$h1735
=CAT  \\$aIPL-CLA$c20170929$lBLL01$h1721
=CAT  \\$aW1711-1005$c20171206$lBLL01$h1814
=CAT  \\$a5552$b40$c20180208$lBLL01$h1410
=CAT  \\$aBATCH-UPD$b40$c20180223$lBLL01$h1543
=CAT  \\$aIPL-CLA$c20180331$lBLL01$h1611
=CAT  \\$aBATCH-UPD$b00$c20180823$lBLL01$h1900
=CAT  \\$aIPL-CLA$c20180930$lBLL01$h1458
=CAT  \\$aBATCH-UPD$b00$c20190521$lBLL01$h1348
=CAT  \\$aIPL-CLA$c20190630$lBLL01$h1530
=CAT  \\$aBATCH-UPD$b00$c20190829$lBLL01$h1432
=CAT  \\$aIPL-CLA$c20190930$lBLL01$h1633
=CAT  \\$aBATCH-UPD$b00$c20200219$lBLL01$h1422
=CAT  \\$aIPL-CLA$c20200331$lBLL01$h1610
=CAT  \\$aBATCH-UPD$b00$c20200522$lBLL01$h1414
=CAT  \\$aIPL-CLA$c20200701$lBLL01$h0051
=CAT  \\$a5410$b40$c20200726$lBLL01$h2102
=CAT  \\$aBATCH-UPD$b40$c20210226$lBLL01$h0955
=CAT  \\$aIPL-CLA$c20210331$lBLL01$h1658
=CAT  \\$aBATCH-UPD$b00$c20210707$lBLL01$h1518
=CAT  \\$aIPL-CLA$c20210707$lBLL01$h1842
=CAT  \\$a5410$b40$c20221030$lBLL01$h1254
=CFI  0\$aCurrent copyright fee: GBP26.25$c103\0$e07-jul-2021$fGBP26.25$g0$hP$5Uk
=CFI  2\$aPrevious copyright fee: GBP27.22$c103\0$e01-apr-2021$fGBP27.22$g0$hP$5Uk
=FFP  \\$aY$bBLDSS-3PM
=FIN  \\$aY
=LEO  \\$aMP10.0000632118
=LEO  \\$aMP22.0000062172
=LKR  \\$aPAR$b008545246$lBLL01$nPsychological science (Print)$mPsychological science (Online)$r776
=MNI  \\$a0956-7976
=SID  \\$aZ39$bOCLC
=SRC  \\$aDSS01$bbibmp10.200404.2.aa
=SRC  \\$aISN01$bbibmp22.200404.2.aa
=TCO  \\$aCLA$bCLA$c008
=TOC  \\$aETOC
=UNO  \\$aY
=ACF  \\$aPrevious copyright fee: GBP17.00$c10\0$e01-jan-2009$fGBP17.00$g0$hP$5Uk
=ACF  \\$aPrevious copyright fee: GBP16.00$c10\0$e01-jan-2006$fGBP16.00$g0$hP$5Uk
=ACF  \\$aPrevious copyright fee: GBP15.00$c10\0$e01-apr-2004$fGBP15.00$g0$hP$5Uk
=ACF  \\$aCurrent copyright fee: GBP13.00$c10\6$e01-apr-2002$fGBP13.00$g0$hP$5Uk
=ACF  \\$aPrevious Copyright Fee: GBP18.75$c0$e04-apr-2013$fGBP18.75$g0$hC$5Uk
=ACF  \\$aBritish Library not licensed to copy$c0$e24-oct-2012$hC$iCFP Excluded$5Uk
=ACF  \\$aPrevious copyright fee: GBP22.00$c10\0$e01-jan-2011$fGBP22.00$g0$hP$5Uk
=ACF  \\$aPrevious copyright fee: GBP22.50$c103\0$e20-feb-2014$fGBP22.50$g0$hP$5Uk
=ACF  \\$aPrevious copyright fee: GBP21.82$c103\0$e01-jul-2014$fGBP21.82$g0$hP$5Uk
=ACF  \\$aPrevious copyright fee: GBP23.23$c103\0$e01-apr-2015$fGBP23.23$g0$hP$5Uk
=ACF  \\$aPrevious copyright fee: GBP24.00$c103\0$e01-jul-2015$fGBP24.00$g0$hP$5Uk
=ACF  \\$aPrevious copyright fee: GBP23.23$c103\0$e01-oct-2015$fGBP23.23$g0$hP$5Uk
=ACF  \\$aPrevious copyright fee: GBP27.59$c103\0$e01-apr-2016$fGBP27.59$g0$hP$5Uk
=ACF  \\$aPrevious copyright fee: GBP29.63$c103\0$e01-oct-2016$fGBP29.63$g0$hP$5Uk
=ACF  \\$aPrevious copyright fee: GBP30.77$c103\0$e01-oct-2017$fGBP30.77$g0$hP$5Uk
=ACF  \\$aPrevious copyright fee: GBP32.00$c103\0$e01-apr-2017$fGBP32.00$g0$hP$5Uk
=ACF  \\$aPrevious copyright fee: GBP26.92$c103\0$e08-feb-2018$fGBP26.92$g0$hP$5Uk
=ACF  \\$aPrevious copyright fee: GBP25.00$c103\0$e01-apr-2018$fGBP25.00$g0$hP$5Uk
=ACF  \\$aPrevious copyright fee: GBP26.92$c103\0$e01-oct-2018$fGBP26.92$g0$hP$5Uk
=ACF  \\$aPrevious copyright fee: GBP28.27$c103\0$e01-jul-2019$fGBP28.27$g0$hP$5Uk
=ACF  \\$aPrevious copyright fee: GBP29.40$c103\0$e01-oct-2019$fGBP29.40$g0$hP$5Uk
=ACF  \\$aPrevious copyright fee: GBP28.27$c103\0$e01-apr-2020$fGBP28.27$g0$hP$5Uk
=ACF  \\$aPrevious copyright fee: GBP29.40$c103\0$e01-jul-2020$fGBP29.40$g0$hP$5Uk
=LAS  \\$a5410$b40$c20221030$lBLL01$h1254

