=LDR  06195cas a2201345 a 4500
=001  011458157
=003  Uk
=005  20230620120513.0
=006  m\\\\f\\\d\\\\\\\\
=007  cr\un|||||||||
=008  001108c19819999enkmx\pss\\\\\0\\\a0eng\c
=FMT  \\$a  SE
=010  \\$a00242343
=015  \\$aGBB405279$2bnb
=019  c\$a102186057
=022  0\$a1468-2982$202
=035  \\$a(OCoLC)45303621$z(OCoLC)44674113
=037  \\$aCEP$bSage (UK) Ltd
=040  \\$aMYG$beng$cMYG$dOCLCQ$dIXA$dF#A$dOCL$dOCLCQ$dUQ1$dOCLCQ$dUk
=042  \\$aissnuk$aukblsr
=050  14$aRC392$b.C47
=082  04$a616.8491$222
=130  0\$aCephalalgia (Online)
=210  0\$aCephalalgia$b(Online)
=222  \0$aCephalalgia$b(Online)
=245  10$aCephalalgia$h[electronic resource].
=260  \\$a[Oxford, England] :$bBlackwell Science
=260  3\$aLondon :$bSAGE Publications
=310  \\$aTen issues yearly
=336  \\$atext$2rdacontent
=337  \\$acomputer$2rdamedia
=338  \\$aonline resource$2rdacarrier
=362  1\$aPrint began with Mar. 1981 issue.
=525  \\$aIncludes occasional supplements.
=530  \\$aAlso issued in print.
=550  \\$aPublished on behalf of: International Headache Society.
=500  \\$aDescription based on: Vol. 20, issue 1 (Feb. 2000); title from table of contents page (viewed Nov. 6, 2000).
=500  \\$aLatest issue consulted: Vol. 20, issue 6 (July 2000).
=540  \\$aCurrent copyright fee: zero$c19\0$5Uk
=650  \0$aHeadache$vPeriodicals.
=710  2\$aInternational Headache Society.
=770  0\$tCephalalgia. Supplement$x2053-4159
=776  1\$tCephalalgia$x0333-1024
=859  \\$aELD$bejournal
=856  \\$31850-9999$uhttp://www.uk.sagepub.com/home.nav$xBLDSS
=856  40$uhttp://cep.sagepub.com/
=856  40$uhttp://firstsearch.oclc.org/journal=0333-1024;screen=info;ECOIP$zAddress for accessing the journal from an authorized IP address through OCLC FirstSearch Electronic Collections Online
=856  40$uhttp://www.blackwell-synergy.com/member/institutions/issuelist.asp?journal=cha
=852  41$aBritish Library$bHMNTS$jELD Digital store$3Volume 33:Number 1(2013)-***Previous issues available in print copy
=852  41$aBritish Library$bDSC$j3113.691000$3sep-1981 VOL 1 PART 3-Volume 29:Issue 12(2009)***See ESTAR for full holdings.
=945  \\$aCephalalgia
=959  \\$fHeld but not currently received
=963  \\$aVOL. 20, 2000-$bN$cU
=CAT  \\$aCONV$b00$c20040425$lBLL90$h0850
=CAT  \\$aIPL-CLA$c20170331$lBLL01$h1837
=CAT  \\$aBATCH-UPD$b00$c20170904$lBLL01$h1835
=CAT  \\$aIPL-CLA$c20170929$lBLL01$h1721
=CAT  \\$aW1711-1005$c20171206$lBLL01$h1814
=CAT  \\$aBATCH-UPD$b00$c20180223$lBLL01$h1653
=CAT  \\$aIPL-CLA$c20180331$lBLL01$h1611
=CAT  \\$aBATCH-UPD$b00$c20180823$lBLL01$h1928
=CAT  \\$aIPL-CLA$c20180930$lBLL01$h1458
=CAT  \\$aBATCH-UPD$b00$c20190521$lBLL01$h1410
=CAT  \\$aIPL-CLA$c20190630$lBLL01$h1530
=CAT  \\$aBATCH-UPD$b00$c20190829$lBLL01$h1527
=CAT  \\$aIPL-CLA$c20190930$lBLL01$h1633
=CAT  \\$aBATCH-UPD$b00$c20200219$lBLL01$h1515
=CAT  \\$aIPL-CLA$c20200331$lBLL01$h1610
=CAT  \\$aBATCH-UPD$b00$c20200522$lBLL01$h1457
=CAT  \\$aIPL-CLA$c20200701$lBLL01$h0051
=CAT  \\$aBATCH-UPD$b00$c20210226$lBLL01$h1037
=CAT  \\$aIPL-CLA$c20210331$lBLL01$h1658
=CAT  \\$aBATCH-UPD$b00$c20210707$lBLL01$h1601
=CAT  \\$aIPL-CLA$c20210707$lBLL01$h1842
=CAT  \\$aBATCH-UPD$b00$c20220520$lBLL01$h1633
=CAT  \\$aIPL-CLA$c20220630$lBLL01$h1536
=CAT  \\$aBATCH-UPD$b00$c20220824$lBLL01$h0859
=CAT  \\$aIPL-CLA$c20220930$lBLL01$h1425
=CAT  \\$a12654$b40$c20230620$lBLL01$h1205
=CFI  0\$aCurrent copyright fee: zero$c19\0$e20-jun-2023$fGBP0.00$g0$hP$5Uk
=CFI  2\$aPrevious copyright fee: GBP36.32$c19\0$e01-oct-2022$fGBP36.32$g0$hP$5Uk
=CFI  2\$aPrevious copyright fee: GBP34.86$c19\0$e01-jul-2022$fGBP34.86$g0$hP$5Uk
=FFP  \\$aY$bBLDSS-3PM
=FIN  \\$aY
=LEO  \\$aMP22.0000062468
=LEO  \\$aMP10.0000629644
=MNI  \\$a0333-1024
=SID  \\$aZ39$bOCLC
=SRC  \\$aDSS01$bbibmp10.200404.2.aa
=SRC  \\$aISN01$bbibmp22.200404.2.aa
=TCO  \\$aCLA$bCLA$c008
=TOC  \\$aETOC
=UNO  \\$aY
=ACF  \\$aPrevious copyright fee: GBP15.00$c10\0$e01-apr-2004$fGBP15.00$g0$hP$5Uk
=ACF  \\$aPrevious copyright fee: GBP13.00$c10\4$e01-jan-2002$fGBP13.00$g0$hP$5Uk
=ACF  \\$aPrevious copyright fee: GBP23.00$c0$e28-aug-2012$fGBP23.00$g0$hC$5Uk
=ACF  \\$aPrevious copyright fee: GBP18.18$c19\0$e04-oct-2012$fGBP18.18$g0$hP$5Uk
=ACF  \\$aPrevious copyright fee: GBP18.75$c19\0$e01-jan-2013$fGBP18.75$g0$hP$5Uk
=ACF  \\$aPrevious copyright fee: GBP19.35$c19\0$e01-jul-2013$fGBP19.35$g0$hP$5Uk
=ACF  \\$aPrevious copyright fee: GBP18.75$c19\0$e01-jan-2014$fGBP18.75$g0$hP$5Uk
=ACF  \\$aPrevious copyright fee: GBP18.18$c19\0$e01-jul-2014$fGBP18.18$g0$hP$5Uk
=ACF  \\$aPrevious copyright fee: GBP19.36$c19\0$e01-apr-2015$fGBP19.36$g0$hP$5Uk
=ACF  \\$aPrevious copyright fee: GBP27.59$c19\0$e01-apr-2016$fGBP27.59$g0$hP$5Uk
=ACF  \\$aPrevious copyright fee: GBP29.63$c19\0$e01-oct-2016$fGBP29.63$g0$hP$5Uk
=ACF  \\$aPrevious copyright fee: GBP32.00$c19\0$e01-apr-2017$fGBP32.00$g0$hP$5Uk
=ACF  \\$aPrevious copyright fee: GBP30.77$c19\0$e01-oct-2017$fGBP30.77$g0$hP$5Uk
=ACF  \\$aPrevious copyright fee: GBP28.57$c19\0$e01-apr-2018$fGBP28.57$g0$hP$5Uk
=ACF  \\$aPrevious copyright fee: GBP30.77$c19\0$e01-oct-2018$fGBP30.77$g0$hP$5Uk
=ACF  \\$aPrevious copyright fee: GBP32.31$c19\0$e01-jul-2019$fGBP32.31$g0$hP$5Uk
=ACF  \\$aPrevious copyright fee: GBP33.60$c19\0$e01-oct-2019$fGBP33.60$g0$hP$5Uk
=ACF  \\$aPrevious copyright fee: GBP33.52$c19\0$e01-apr-2020$fGBP33.52$g0$hP$5Uk
=ACF  \\$aPrevious copyright fee: GBP34.86$c19\0$e01-jul-2020$fGBP34.86$g0$hP$5Uk
=ACF  \\$aPrevious copyright fee: GBP32.28$c19\0$e01-apr-2021$fGBP32.28$g0$hP$5Uk
=ACF  \\$aPrevious copyright fee: GBP31.13$c19\0$e07-jul-2021$fGBP31.13$g0$hP$5Uk
=LAS  \\$a12654$b40$c20230620$lBLL01$h1205

