=LDR  04313cas a2201057 a 4500
=001  011459767
=003  Uk
=005  20210422080407.0
=006  m\\\\\o\\d\\\\\\\\
=007  cr\|||||||||||
=008  971013c19909999enkzr\pso\\\\\0\\\a0eng\c
=FMT  \\$a  SE
=010  \\$a  2008233624
=015  \\$aGBB566308$2bnb
=022  0\$a1473-558X
=035  \\$a(OCoLC)37772810
=037  \\$aISSN_09594965$bPortico$nLippincott Williams & Wilkins
=040  \\$aOCoLC$beng$cOCoLC$dOCoLC$dOCU-M$dOCoLC$dGU$dMiEM$dOCoLC$dWaSeSS$dOCoLC$dOCLCO$dOCoLC$dUk
=042  \\$aukblsr
=050  14$aRC321
=082  04$a616.805$223
=130  0\$aNeuroreport (Online)
=210  0\$aNeuroReport$b(Lond., Online)
=222  \0$aNeuroReport$b(London. Online)
=245  10$aNeuroReport$h[electronic resource].
=246  3\$aNeuro report
=260  \\$a[Oxford] :$bRapid Science Publishers
=264  31$aLondon :$bLippincott Williams & Wilkins, Inc.
=310  \\$aEighteen issues yearly
=336  \\$atext$2rdacontent
=337  \\$acomputer$2rdamedia
=338  \\$aonline resource$2rdacarrier
=362  1\$aBegan with: V. 1, no. 1 (Sept. 1990).
=538  \\$aMode of access: World Wide Web.
=588  \\$aDescription based on: Vol. 8, no. 1 (Dec. 20, 1996); title from journal information screen (Ovid, viewed Apr. 25, 2008).
=588  \\$aLatest issue consulted: volume 26, issue 8 (May 27, 2015) (Wolters Kluwer, viewed May 20, 2015).
=540  \\$aCurrent copyright fee: GBP32.00$c20\0$5Uk
=650  \0$aNeurosciences$vPeriodicals.
=650  \0$aNervous system$vPeriodicals.
=650  \0$aNeurophysiology$vPeriodicals.
=650  \2$aNervous System Diseases$vPeriodicals.
=650  \2$aNervous System Physiological Phenomena$vPeriodicals.
=650  \2$aNeurosciences$vPeriodicals.
=776  08$iPrint version:$tNeuroreport$x0959-4965
=859  \\$aELD$bejournal
=856  \\$31850-9999$uhttp://journals.lww.com/pages/default.aspx$xBLDSS
=856  4\$uhttp://firstsearch.oclc.org$zAddress for accessing the journal using authorization number and password through OCLC FirstSearch Electronic Collections Online
=856  40$uhttp://journals.lww.com/neuroreport/pages/default.aspx
=856  40$uhttp://www.neuroreport.com/
=852  41$aBritish Library$bSTI$jELD Digital store$3Volume 26:Issue 1(2015)-***Previous issues available in print copy
=852  \\$aBritish Library$bDSC$j6081.558500$3Volume 32:Issue 1(2021)-
=945  \\$aNEUROREPORT -OXFORD-.
=959  \\$fCurrently received
=985  \\$aISSN responsibility transferred to U.S. Center - 11/11/2015
=CAT  \\$aCONV$b00$c20040425$lBLL90$h0850
=CAT  \\$aCONV$b00$c20040502$lBLL01$h1434
=CAT  \\$aglobal_upd$b40$c20060417$lBLL01$h1819
=CAT  \\$a6537$b40$c20061129$lBLL01$h1009
=CAT  \\$a8874$b40$c20081127$lBLL01$h1419
=CAT  \\$aBATCH$b00$c20091210$lBLL01$h0504
=CAT  \\$aBATCH$b00$c20091214$lBLL01$h0707
=CAT  \\$a11316$b40$c20150515$lBLL01$h1332
=CAT  \\$a11316$b40$c20150520$lBLL01$h1222
=CAT  \\$a10902$b40$c20150526$lBLL01$h1142
=CAT  \\$a11316$b40$c20151111$lBLL01$h0832
=CAT  \\$a5552$b40$c20160122$lBLL01$h1234
=CAT  \\$aBLDSS-3PM$b00$c20160201$lBLL01$h1812
=CAT  \\$aBATCH-UPD$b00$c20160217$lBLL01$h1711
=CAT  \\$aIPL-CLA$c20160331$lBLL01$h1715
=CAT  \\$aBATCH-UPD$b00$c20160413$lBLL01$h1813
=CAT  \\$aBATCH-UPD$b00$c20160519$lBLL01$h0826
=CAT  \\$aBATCH-UPD$b00$c20160524$lBLL01$h2155
=CAT  \\$a5552$b40$c20170324$lBLL01$h1052
=CAT  \\$a5410$b40$c20170524$lBLL01$h1030
=CAT  \\$aW1711-1005$c20171206$lBLL01$h1814
=CAT  \\$a12654$b40$c20210422$lBLL01$h0803
=CAT  \\$a12654$b40$c20210422$lBLL01$h0804
=CFI  0\$aCurrent copyright fee: GBP32.00$c20\0$e01-apr-2016$fGBP32.00$g0$hP$5Uk
=CFI  2\$aPrevious copyright fee: GBP30.32$c20\0$e22-jan-2016$fGBP30.32$g0$hP$5Uk
=FFP  \\$aY$bBLDSS-3PM
=FIN  \\$aY
=LEO  \\$aMP22.0000066421
=LET  \0$aNeuroReport (Electronic)
=LKR  \\$aPAR$b012420167$lBLL01$nNeuroReport (Print)$mNeuroReport (Online)$r776
=MNI  \\$a0959-4965
=SRC  \\$aISN01$bbibmp22.200404.2.aa
=SRC  \\$aBLL02
=TCO  \\$aCLA$bCLA$c008
=TOC  \\$aETOC
=UNO  \\$aY
=LAS  \\$a12654$b40$c20210422$lBLL01$h0804

