=LDR  04567cas a2201057 a 4500
=001  011459768
=003  Uk
=005  20210421094741.0
=006  m\\\\\o\\d\\\\\\\\
=007  cr\|||||||||||
=008  011002c19839999paumr\pso\\\\\0\\\a0eng\c
=FMT  \\$a  SE
=010  \\$a  2006233114
=015  \\$aGBB566259$2bnb
=022  0\$a1473-5598$y0263-6352
=035  \\$a(OCoLC)48065182
=037  \\$aISSN_02636352$bPortico$nLippincott Williams & Wilkins
=040  \\$aCoU-M$beng$cCoU-M$dOCoLC$dMiU$dOCoLC$dGU$dOCoLC$dMCM$dOCoLC$dUk
=042  \\$aukblsr
=050  14$aRC685.H8
=082  04$a616.132005$223
=130  0\$aJournal of hypertension (Online)
=210  0\$aJ. hypertens.$b(Online)
=222  \0$aJournal of hypertension$b(Online)
=245  10$aJournal of hypertension$h[electronic resource].
=260  \\$a[Philadelphia] :$bLippincott Williams & Wilkins
=310  \\$aMonthly
=336  \\$atext$2rdacontent
=337  \\$acomputer$2rdamedia
=338  \\$aonline resource$2rdacarrier
=362  1\$aPrint began with vol. 1, no. 1 (June 1983).
=525  \\$aHas supplements.
=538  \\$aMode of access: World Wide Web.
=550  \\$aOfficial journal of: International Society of Hypertension, <Mar. 1988->; International Society of Hypertension and the European Society of Hypertension, <Feb. 1992->.
=588  \\$aDescription based on: Vol. 19(6) (June 2001); title from contents screen (OVID Web site), viewed Feb. 27, 2006.
=588  \\$aLatest issue consulted: volume 33, issue 6 (June 2015) (Wolters Kluwer, viewed May 20, 2015).
=540  \\$aCurrent copyright fee: GBP32.00$c20\0$5Uk
=650  \0$aHypertension$vPeriodicals.
=650  \2$aHypertension$vPeriodicals.
=770  0\$tJournal of hypertension. Supplement$x1747-3667
=710  2\$aEuropean Society of Hypertension.
=710  2\$aInternational Society of Hypertension.
=776  08$iAlso availalble in print:$tJournal of hypertension$x0263-6352
=856  \\$31850-9999$uhttp://journals.lww.com/pages/default.aspx$xBLDSS
=856  40$uhttp://firstsearch.oclc.org$zAddress for accessing the journal using authorization number and password through OCLC FirstSearch Electronic Collections Online
=856  40$uhttp://journals.lww.com/jhypertension/pages/default.aspx
=856  40$uhttp://ovidsp.ovid.com/ovidweb.cgi?T=JS&NEWS=n&CSC=Y&PAGE=toc&D=yrovft&AN=00004872-000000000-00000
=856  40$uhttp://www.jhypertension.com/
=859  \\$aELD$bejournal
=852  41$aBritish Library$bSTI$jELD Digital store$3Volume 33:Issue 1(2015:Jan.)-
=852  \\$aBritish Library$bDSC$j5004.510000$3Volume 39:Issue 10(2021)-
=945  \\$aJournal of hypertension.
=959  \\$fCurrently received
=985  \\$aISSN responsibility transferred to U.S. Center - 04/12/2015
=CAT  \\$aCONV$b00$c20040425$lBLL90$h0850
=CAT  \\$aCONV$b00$c20040502$lBLL01$h1434
=CAT  \\$aglobal_upd$b40$c20060417$lBLL01$h1819
=CAT  \\$aBATCH$b00$c20091210$lBLL01$h0504
=CAT  \\$aBATCH$b00$c20091214$lBLL01$h0707
=CAT  \\$a11316$b40$c20140905$lBLL01$h1119
=CAT  \\$a11316$b40$c20140905$lBLL01$h1123
=CAT  \\$a11316$b40$c20150515$lBLL01$h1333
=CAT  \\$a8411$b40$c20150519$lBLL01$h1122
=CAT  \\$a11316$b40$c20150520$lBLL01$h0918
=CAT  \\$aBATCH-CLA$b00$c20150529$lBLL01$h1529
=CAT  \\$aIPL-CLA$c20150630$lBLL01$h1640
=CAT  \\$a11316$b40$c20151204$lBLL01$h0821
=CAT  \\$a5552$b40$c20160120$lBLL01$h1154
=CAT  \\$aBLDSS-3PM$b00$c20160201$lBLL01$h1812
=CAT  \\$aBATCH-UPD$b00$c20160217$lBLL01$h1711
=CAT  \\$aWR16_048$c20160322$lBLL01$h1613
=CAT  \\$aIPL-CLA$c20160331$lBLL01$h1715
=CAT  \\$aBATCH-UPD$b00$c20160413$lBLL01$h1813
=CAT  \\$aBATCH-UPD$b00$c20160524$lBLL01$h2155
=CAT  \\$aBATCH-UPD$b00$c20160524$lBLL01$h2240
=CAT  \\$a5552$b40$c20170420$lBLL01$h1115
=CAT  \\$aW1711-1005$c20171206$lBLL01$h1814
=CAT  \\$a12654$b40$c20210421$lBLL01$h0947
=CFI  0\$aCurrent copyright fee: GBP32.00$c20\0$e01-apr-2016$fGBP32.00$g0$hP$5Uk
=CFI  2\$aPrevious copyright fee: GBP30.32$c20\0$e20-jan-2016$fGBP30.32$g0$hP$5Uk
=FFP  \\$aY$bBLDSS-3PM
=FIN  \\$aY
=LEO  \\$aMP22.0000066422
=LET  \0$aJournal of hypertension (Electronic)
=LKR  \\$aPAR$b012298098$lBLL01$nJournal of hypertension (Print)$mJournal of hypertension (Online)$r776
=SRC  \\$aISN01$bbibmp22.200404.2.aa
=SRC  \\$aBLL02
=TCO  \\$aCLA$bCLA$c008
=TOC  \\$aETOC
=UNO  \\$aY
=LAS  \\$a12654$b40$c20210421$lBLL01$h0947

