=LDR  04291cas a2201045 a 4500
=001  011459772
=003  Uk
=005  20210422072210.0
=006  m\\\\\o\\d\\\\\\\\
=007  cr\mnu||||||||
=008  970922c19919999enkbr\pso\\\\\0\\\a0eng\c
=FMT  \\$a  SE
=010  \\$a  2011242017
=015  \\$aGBB566325$2bnb
=016  7\$a9109623$2DNLM
=016  7\$aSR0069766$2DNLM
=022  0\$a1473-5636
=030  \\$aMREEEH
=035  \\$a(OCoLC)37662764$z(OCoLC)48772775$z(OCoLC)247440094$z(OCoLC)367730096$z(OCoLC)397380046$z(OCoLC)436456164
=037  \\$aISSN_09608931$bPortico$nLippincott Williams & Wilkins
=040  \\$aF#A$beng$cF#A$dOCL$dOCLCQ$dCOU$dOCLCQ$dMYG$dBUF$dM6U$dFFQ$dUBY$dZ5A$dNUI$dOCLCQ$dCOO$dUk
=042  \\$aukblsr
=050  \4$aRC280.M37
=060  \4$aW1$bME8879TG
=082  04$a616.99477$223
=130  0\$aMelanoma research (Online)
=210  0\$aMelanoma res.$b(Online)
=222  \0$aMelanoma research$b(Online)
=245  10$aMelanoma research$h[electronic resource].
=260  \\$a[Oxford] :$bRapid Science Publishers,$c1991-
=260  3\$3<2000-> :$a[London] :$bLippincott Williams & Wilkins
=310  \\$aBimonthly
=336  \\$atext$2rdacontent
=337  \\$acomputer$2rdamedia
=338  \\$aonline resource$2rdacarrier
=538  \\$aMode of access: World Wide Web.
=588  \\$aDescription based on: Vol. 7, no. 1 (1997); title from journal information screen.
=588  \\$aLatest issue consulted: volume 25, issue 3 (June 2015) (Wolters Kluwer, viewed May 20, 2015).
=540  \\$aCurrent copyright fee: GBP32.00$c20\0$5Uk
=650  \0$aMelanoma$vPeriodicals.
=650  \2$aMelanoma$vPeriodicals.
=650  17$aMelanomen.$2gtt
=776  08$iPrint version:$tMelanoma research$x0960-8931
=859  \\$aELD$bejournal
=856  \\$31850-9999$uhttp://journals.lww.com/pages/default.aspx$xBLDSS
=856  4\$uhttp://firstsearch.oclc.org$zAddress for accessing the journal using authorization number and password through OCLC FirstSearch Electronic Collections Online
=856  40$uhttp://ovidsp.ovid.com/ovidweb.cgi?T=JS&NEWS=n&CSC=Y&PAGE=toc&D=yrovft&AN=00008390-000000000-00000
=856  40$uhttp://www.melanomaresearch.com/
=852  41$aBritish Library$bSTI$jELD Digital store$3Volume 25:Issue 1(2015)-***Previous issues available in print copy
=852  \\$aBritish Library$bDSC$j5536.813450$3Volume 31:Issue 1(2021)-
=945  \\$aMelanoma research.
=959  \\$fCurrently received
=985  \\$aISSN responsibility transferred to U.S. Center - 11/11/2015
=CAT  \\$aCONV$b00$c20040425$lBLL90$h0850
=CAT  \\$aCONV$b00$c20040502$lBLL01$h1434
=CAT  \\$aglobal_upd$b40$c20060417$lBLL01$h1819
=CAT  \\$aBATCH$b00$c20091210$lBLL01$h0504
=CAT  \\$aBATCH$b00$c20091214$lBLL01$h0707
=CAT  \\$a8874$b40$c20110610$lBLL01$h1411
=CAT  \\$a11316$b40$c20150515$lBLL01$h1336
=CAT  \\$a11316$b40$c20150520$lBLL01$h1347
=CAT  \\$a11316$b40$c20150520$lBLL01$h1349
=CAT  \\$a10876$b40$c20150529$lBLL01$h0737
=CAT  \\$aBATCH-CLA$b00$c20150529$lBLL01$h1529
=CAT  \\$aIPL-CLA$c20150630$lBLL01$h1640
=CAT  \\$a11316$b40$c20151111$lBLL01$h0830
=CAT  \\$a5552$b40$c20160122$lBLL01$h1234
=CAT  \\$aBLDSS-3PM$b00$c20160201$lBLL01$h1812
=CAT  \\$aBATCH-UPD$b00$c20160217$lBLL01$h1711
=CAT  \\$aIPL-CLA$c20160331$lBLL01$h1715
=CAT  \\$aBATCH-UPD$b00$c20160413$lBLL01$h1813
=CAT  \\$aBATCH-UPD$b00$c20160524$lBLL01$h2155
=CAT  \\$aBATCH-UPD$b00$c20160524$lBLL01$h2240
=CAT  \\$a5552$b40$c20170328$lBLL01$h1227
=CAT  \\$aW1711-1005$c20171206$lBLL01$h1814
=CAT  \\$a12654$b40$c20210422$lBLL01$h0722
=CFI  0\$aCurrent copyright fee: GBP32.00$c20\0$e01-apr-2016$fGBP32.00$g0$hP$5Uk
=CFI  2\$aPrevious copyright fee: GBP30.32$c20\0$e22-jan-2016$fGBP30.32$g0$hP$5Uk
=FFP  \\$aY$bBLDSS-3PM
=FIN  \\$aY
=LEO  \\$aMP22.0000066426
=LET  \0$aMelanoma research (Electronic)
=LKR  \\$aPAR$b007742343$lBLL01$nMelanoma research (Print)$mMelanoma research (Online)$r776
=MNI  \\$a0960-8931
=SID  \\$aZ39$bOCLC
=SRC  \\$aISN01$bbibmp22.200404.2.aa
=TCO  \\$aCLA$bCLA$c008
=TOC  \\$aETOC
=UNO  \\$aY
=LAS  \\$a12654$b40$c20210422$lBLL01$h0722

