=LDR  04552cas a2201033 a 4500
=001  011459774
=003  Uk
=005  20210420095941.0
=006  m\\\\\o\\d\\\\\\\\
=007  cr\|||||||||||
=008  971015c19789999mduqr\pso\\\\\0\\\a0eng\c
=FMT  \\$a  SE
=010  \\$a  2007233691
=015  \\$aGBB566393$2bnb
=022  0\$a1473-5660
=035  \\$a(OCoLC)37786948
=037  \\$aISSN_03425282$bPortico$nLippincott Williams & Wilkins
=040  \\$aOCoLC$beng$cOCoLC$dOCoLC$dViU-H$dOCoLC$dGU$dWaSeSS$dOCoLC$dMCM$dOCoLC$dOCLCO$dOCoLC$dUk
=042  \\$aukblsr
=050  14$aRM695
=082  04$a617.03$223
=130  0\$aInternational journal of rehabilitation research (Online)
=210  0\$aInt. j. rehabil. res.$b(Online)
=222  \0$aInternational journal of rehabilitation research$b(Online)
=245  10$aInternational journal of rehabilitation research$h[electronic resource].
=246  13$aIjrr
=260  \\$a[Hagerstown, Md.] :$b[Lippincott Williams & Wilkins]
=310  \\$aQuarterly
=336  \\$atext$2rdacontent
=337  \\$acomputer$2rdamedia
=338  \\$aonline resource$2rdacarrier
=362  1\$aPrint began with vol. 1, 1 (Jan. 1978).
=538  \\$aMode of access: World Wide Web.
=550  \\$aOfficial journal of the European Federation for Research in Rehabilitation.
=588  \\$aDescription based on: Vol. 20, no. 1 (1997); title from journal information screen.
=588  \\$aLatest issue consulted: volume 38, issue 2 (June 2015) (Wolters Kluwer, viewed May 21, 2015).
=540  \\$aCurrent copyright fee: GBP32.00$c20\0$5Uk
=650  \0$aRehabilitation$vPeriodicals.
=650  \2$aRehabilitation$vperiodicals.
=650  \2$aDisabled Persons$vperiodicals.
=710  2\$aEuropean Federation for Research in Rehabilitation,$eissuing body.
=776  08$iPrint version:$tInternational journal of rehabilitation research$x0342-5282
=859  \\$aELD$bejournal
=856  \\$31850-9999$uhttp://journals.lww.com/pages/default.aspx$xBLDSS
=856  4\$uhttp://firstsearch.oclc.org$zAddress for accessing the journal using authorization number and password through OCLC FirstSearch Electronic Collections Online
=856  4\$uhttp://www.lww.com/Product/0342-5282
=856  40$uhttp://gateway.tx.ovid.com/gw1/ovidweb.cgi
=856  40$uhttp://journals.lww.com/intjrehabilres/pages/default.aspx
=856  40$uhttp://ovidsp.ovid.com/ovidweb.cgi?T=JS&NEWS=n&CSC=Y&PAGE=toc&D=yrovft&AN=00004356-000000000-00000
=852  41$aBritish Library$bHMNTS$jELD Digital store$3Volume 38:Issue 1(2015:Mar.)-
=852  \\$aBritish Library$bDSC$j4542.526000$3Volume 45:Issue 2(2022)-
=945  \\$aInternational journal of rehabilitation research.
=959  \\$fCurrently received
=985  \\$aISSN responsibility transferred to U.S ISSN Center 03/11/2015.
=CAT  \\$aCONV$b00$c20040425$lBLL90$h0850
=CAT  \\$aCONV$b00$c20040502$lBLL01$h1434
=CAT  \\$aglobal_upd$b40$c20060417$lBLL01$h1819
=CAT  \\$a8874$b40$c20090113$lBLL01$h0838
=CAT  \\$aBATCH$b00$c20091210$lBLL01$h0504
=CAT  \\$aBATCH$b00$c20091214$lBLL01$h0707
=CAT  \\$a11316$b40$c20150515$lBLL01$h1337
=CAT  \\$a11316$b40$c20150521$lBLL01$h1130
=CAT  \\$a8311$b40$c20150522$lBLL01$h0841
=CAT  \\$a11316$b40$c20151103$lBLL01$h0837
=CAT  \\$a5552$b40$c20160122$lBLL01$h1234
=CAT  \\$aBLDSS-3PM$b00$c20160201$lBLL01$h1812
=CAT  \\$aBATCH-UPD$b00$c20160217$lBLL01$h1711
=CAT  \\$aIPL-CLA$c20160331$lBLL01$h1715
=CAT  \\$aBATCH-UPD$b00$c20160413$lBLL01$h1813
=CAT  \\$aBATCH-UPD$b00$c20160524$lBLL01$h2155
=CAT  \\$aBATCH-UPD$b00$c20160524$lBLL01$h2240
=CAT  \\$a5552$b40$c20170504$lBLL01$h0841
=CAT  \\$aW1711-1005$c20171206$lBLL01$h1814
=CAT  \\$a5410$b40$c20180508$lBLL01$h1051
=CAT  \\$a12654$b40$c20210420$lBLL01$h0959
=CFI  0\$aCurrent copyright fee: GBP32.00$c20\0$e01-apr-2016$fGBP32.00$g0$hP$5Uk
=CFI  2\$aPrevious copyright fee: GBP30.32$c20\0$e22-jan-2016$fGBP30.32$g0$hP$5Uk
=FFP  \\$aY$bBLDSS-3PM
=FIN  \\$aY
=LEO  \\$aMP22.0000066428
=LET  \0$aInternational journal of rehabilitation research (Electronic)
=LKR  \\$aPAR$b010194626$lBLL01$nInternational journal of rehabilitation research (Print)$mInternational journal of rehabilitation research (Online)$r776
=MNI  \\$a0342-5282
=SRC  \\$aISN01$bbibmp22.200404.2.aa
=SRC  \\$aBLL02
=TCO  \\$aCLA$bCLA$c008
=TOC  \\$aETOC
=UNO  \\$aY
=LAS  \\$a12654$b40$c20210420$lBLL01$h0959

