=LDR  04230cas a2201021 a 4500
=001  011459779
=003  Uk
=005  20230202131900.0
=006  m\\\\\o\\d\\\\\\\\
=007  cr\mnu||||||||
=008  971015c19929999enkqr\pso\\\\\0\\\a0eng\d
=FMT  \\$a  SE
=015  \\$aGBB564286$2bnb
=022  0\$a1473-5717
=035  \\$a(OCoLC)37785173
=037  \\$aISSN_09628827$bPortico$nLippincott Williams & Wilkins
=040  \\$aF#A$beng$cF#A$dOCL$dOCLCQ$dCUS$dOCLCQ$dVAM$dOCL$dOCLCQ$dOCLCO$dOCLCQ$dOCLCF$dUk
=042  \\$aukblsr
=050  \4$aQM691
=082  04$a616.042$223
=130  0\$aClinical dysmorphology (Online)
=210  0\$aClin. dysmorph.$b(Online)
=222  \0$aClinical dysmorphology$b(Online)
=245  10$aClinical dysmorphology$h[electronic resource].
=260  \\$aLondon :$bChapman & Hall
=264  31$aLondon :$bLippincott Williams & Wilkins, Inc
=310  \\$aQuarterly
=336  \\$atext$2rdacontent
=337  \\$acomputer$2rdamedia
=338  \\$aonline resource$2rdacarrier
=362  1\$aPrint began with vol. 1, no. 1 (Jan. 1992).
=530  \\$aAlso issued in print.
=538  \\$aMode of access: World Wide Web.
=588  \\$aDescription based on: Vol. 6, no. 1 (1997); title from journal information screen (Firstsearch).
=588  \\$aLatest issue consulted: volume 24, issue 2 (April 2015) (Wolters Kluwer, viewed May 19, 2015).
=540  \\$aCurrent copyright fee: GBP32.00$c20\0$5Uk
=650  \0$aAbnormalities, Human$vPeriodicals.
=650  \0$aGenetic disorders$vPeriodicals.
=650  \2$aAbnormalities$vperiodicals.
=650  \7$aAbnormalities, Human.$2fast$0(OCoLC)fst00794451
=655  \7$aPeriodicals.$2fast$0(OCoLC)fst01411641
=776  1\$tClinical dysmorphology$x0962-8827
=859  \\$aELD$bejournal
=856  \\$31850-9999$uhttp://journals.lww.com/pages/default.aspx$xBLDSS
=856  4\$uhttp://firstsearch.oclc.org$zAddress for accessing the journal using authorization number and password through OCLC FirstSearch Electronic Collections Online
=856  40$uhttp://gateway.ovid.com/ovidweb.cgi?T=JS&MODE=ovid&NEWS=n&PAGE=toc&D=ovft&AN=00019605-000000000-00000
=856  40$uhttp://journals.lww.com/clindysmorphol/pages/default.aspx
=852  41$aBritish Library$bSTI$jELD Digital store$3Volume 24:Issue 1(2015:Jan.)-***Previous issues available in print copy
=852  \\$aBritish Library$bDSC$j3286.273700$3Volume 31:Issue 2(2022)-
=945  \\$aCLINICAL DYSMORPHOLOGY.
=959  \\$fCurrently received
=985  \\$aISSN responsibility transferred to U.S. Center - 4/11/2015
=CAT  \\$aCONV$b00$c20040425$lBLL90$h0850
=CAT  \\$aCONV$b00$c20040502$lBLL01$h1434
=CAT  \\$aglobal_upd$b40$c20060417$lBLL01$h1819
=CAT  \\$aBATCH$b00$c20091210$lBLL01$h0504
=CAT  \\$aBATCH$b00$c20091214$lBLL01$h0707
=CAT  \\$a11316$b40$c20150515$lBLL01$h1344
=CAT  \\$a10902$b40$c20150519$lBLL01$h0936
=CAT  \\$a11316$b40$c20150519$lBLL01$h1151
=CAT  \\$a11316$b40$c20150519$lBLL01$h1152
=CAT  \\$aBATCH-CLA$b00$c20150529$lBLL01$h1529
=CAT  \\$aIPL-CLA$c20150630$lBLL01$h1640
=CAT  \\$a11316$b40$c20151104$lBLL01$h0922
=CAT  \\$a5552$b40$c20160122$lBLL01$h1234
=CAT  \\$aBLDSS-3PM$b00$c20160201$lBLL01$h1812
=CAT  \\$aBATCH-UPD$b00$c20160217$lBLL01$h1711
=CAT  \\$aIPL-CLA$c20160331$lBLL01$h1715
=CAT  \\$aBATCH-UPD$b00$c20160413$lBLL01$h1813
=CAT  \\$aBATCH-UPD$b00$c20160524$lBLL01$h2155
=CAT  \\$aBATCH-UPD$b00$c20160524$lBLL01$h2240
=CAT  \\$a5552$b40$c20161221$lBLL01$h1441
=CAT  \\$aW1711-1005$c20171206$lBLL01$h1814
=CAT  \\$a12654$b40$c20210309$lBLL01$h1041
=CAT  \\$a8250$b40$c20230202$lBLL01$h1319
=CFI  0\$aCurrent copyright fee: GBP32.00$c20\0$e01-apr-2016$fGBP32.00$g0$hP$5Uk
=CFI  2\$aPrevious copyright fee: GBP30.32$c20\0$e22-jan-2016$fGBP30.32$g0$hP$5Uk
=FFP  \\$aY$bBLDSS-3PM
=FIN  \\$aY
=LEO  \\$aMP22.0000066433
=LET  \0$aClinical dysmorphology (Electronic)
=MNI  \\$a0962-8827
=SID  \\$aZ39$bOCLC
=SRC  \\$aISN01$bbibmp22.200404.2.aa
=TCO  \\$aCLA$bCLA$c008
=TOC  \\$aETOC
=UNO  \\$aY
=LAS  \\$a8250$b40$c20230202$lBLL01$h1319

