=LDR  04404cas a2201045 a 4500
=001  011459780
=003  Uk
=005  20230202070905.0
=006  m\\\\\o\\d\\\\\\\\
=007  cr\|||||||||||
=008  971013c19969999enkbr\pso\\\\\0\\\a0eng\c
=FMT  \\$a  SE
=010  \\$a  2012250550
=015  \\$aGBB566510$2bnb
=022  0\$a1473-5725
=030  \\$aBPMOFL
=035  \\$a(OCoLC)37773781$z(OCoLC)223628985$z(OCoLC)318995431$z(OCoLC)367717509$z(OCoLC)535491792
=037  \\$aISSN_13595237$bPortico$nLippincott Williams & Wilkins
=040  \\$aF#A$beng$cF#A$dOCL$dCOU$dOCLCQ$dPFM$dOCLCQ$dMYG$dCNMKL$dUBY$dS4S$dOCLCQ$dBUF$dOCLCQ$dAU@$dFFQ$dOCLCQ$dCOO$dUk
=042  \\$aukblsr
=050  \4$aRC74
=050  \4$aQP105.2$b.B56
=060  \4$aW1$bBL661FP
=082  04$a612.140287$223
=130  0\$aBlood pressure monitoring (Online)
=210  0\$aBlood press. monit.$b(Online)
=222  \0$aBlood pressure monitoring$b(Online)
=245  10$aBlood pressure monitoring$h[electronic resource].
=260  \\$a[Oxford] :$bRapid Science Publishers
=260  3\$3<2001-> :$a[London] :$bLippincott Williams & Wilkins
=310  \\$aBimonthly
=336  \\$atext$2rdacontent
=337  \\$acomputer$2rdamedia
=338  \\$aonline resource$2rdacarrier
=362  1\$aPrint began with v. 1, no. 1 (Feb. 1996).
=538  \\$aMode of access: World Wide Web.
=588  \\$aDescription based on print version record.
=588  \\$aLatest issue consulted: volume 20, issue 3 (June 2015) (Wolters Kluwer, viewed May 22, 2015).
=540  \\$aCurrent copyright fee: GBP32.00$c20\0$5Uk
=650  \0$aBlood pressure$xMeasurement$vPeriodicals.
=650  \2$aBlood Pressure Determination$vPeriodicals.
=650  \2$aBlood Pressure Monitoring, Ambulatory$vPeriodicals.
=650  \2$aBlood Pressure Monitors$vPeriodicals.
=650  \2$aHypertension$vPeriodicals.
=776  08$iPrint version:$tBlood pressure monitoring$x1359-5237
=859  \\$aELD$bejournal
=856  \\$31850-9999$uhttp://journals.lww.com/pages/default.aspx$xBLDSS
=856  4\$uhttp://firstsearch.oclc.org$zAddress for accessing the journal using authorization number and password through OCLC FirstSearch Electronic Collections Online
=856  40$uhttp://gateway.ovid.com/ovidweb.cgi?T=JS&MODE=ovid&PAGE=toc&D=ovft&AN=00126097-000000000-00000&NEWS=N
=856  40$uhttp://ovidsp.ovid.com/ovidweb.cgi?T=JS&NEWS=n&CSC=Y&PAGE=toc&D=yrovft&AN=00126097-000000000-00000
=856  40$uhttp://www.bpmonitoring.com/
=852  41$aBritish Library$bSTI$jELD Digital store$3Volume 20:Issue 1(2015)-***Previous issues available in print copy
=852  \\$aBritish Library$bDSC$j2113.035500$3Volume 27:Issue 2(2022)-
=945  \\$aBlood pressure monitoring.
=959  \\$fCurrently received
=985  \\$aISSN responsibility transferred to U.S. Center - 4/11/2015
=CAT  \\$aCONV$b00$c20040425$lBLL90$h0850
=CAT  \\$aCONV$b00$c20040502$lBLL01$h1434
=CAT  \\$aglobal_upd$b40$c20060417$lBLL01$h1819
=CAT  \\$aBATCH$b00$c20091210$lBLL01$h0504
=CAT  \\$aBATCH$b00$c20091214$lBLL01$h0707
=CAT  \\$a11316$b40$c20150515$lBLL01$h1345
=CAT  \\$a10876$b40$c20150521$lBLL01$h1356
=CAT  \\$a11316$b40$c20150522$lBLL01$h1233
=CAT  \\$aBATCH-CLA$b00$c20150529$lBLL01$h1529
=CAT  \\$aIPL-CLA$c20150630$lBLL01$h1640
=CAT  \\$a11316$b40$c20151104$lBLL01$h0923
=CAT  \\$a5552$b40$c20160122$lBLL01$h1222
=CAT  \\$aBLDSS-3PM$b00$c20160201$lBLL01$h1812
=CAT  \\$aBATCH-UPD$b00$c20160217$lBLL01$h1711
=CAT  \\$aIPL-CLA$c20160331$lBLL01$h1715
=CAT  \\$aBATCH-UPD$b00$c20160413$lBLL01$h1813
=CAT  \\$aBATCH-UPD$b00$c20160524$lBLL01$h2155
=CAT  \\$aBATCH-UPD$b00$c20160524$lBLL01$h2240
=CAT  \\$a5552$b40$c20161207$lBLL01$h1157
=CAT  \\$aW1711-1005$c20171206$lBLL01$h1814
=CAT  \\$a12654$b40$c20210309$lBLL01$h1018
=CAT  \\$a8874$b40$c20230202$lBLL01$h0709
=CFI  0\$aCurrent copyright fee: GBP32.00$c20\0$e01-apr-2016$fGBP32.00$g0$hP$5Uk
=CFI  2\$aPrevious copyright fee: GBP30.32$c20\0$e19-jan-2016$fGBP30.32$g0$hP$5Uk
=FFP  \\$aY$bBLDSS-3PM
=FIN  \\$aY
=LEO  \\$aMP22.0000066434
=MNI  \\$a1359-5237
=SID  \\$aZ39$bOCLC
=SRC  \\$aISN01$bbibmp22.200404.2.aa
=TCO  \\$aCLA$bCLA$c008
=TOC  \\$aETOC
=UNO  \\$aY
=LAS  \\$a8874$b40$c20230202$lBLL01$h0709

