=LDR  04420cas a2201069 a 4500
=001  011459781
=003  Uk
=005  20230202070809.0
=006  m\\\\\o\\d\\\\\\\\
=007  cr\|||||||||||
=008  970922c19909999enkbr\pso\\\\\0\\\a0eng\c
=FMT  \\$a  SE
=010  \\$a  2008247795
=015  \\$aGBB566458$2bnb
=022  \\$a1473-5733
=035  \\$a(OCoLC)37662661
=037  \\$aISSN_09575235$bPortico$nLippincott Williams & Wilkins
=040  \\$aOCoLC$beng$cOCoLC$dOCoLC$dPPiU-H$dWaSeSS$dOCoLC$dNBuU$dOCoLC$dUk
=042  \\$aukblsr
=050  \4$aQP93.5
=082  04$a612.115$223
=130  0\$aBlood coagulation & fibrinolysis (Online)
=210  0\$aBlood coagul. fibrinolysis$b(Online)
=222  \0$aBlood coagulation & fibrinolysis$b(Online)
=245  10$aBlood coagulation and fibrinolysis$h[electronic resource].
=260  \\$a[Oxford] :$bRapid Science Publishers,$c1990-
=260  3\$3<2000-> :$a[London] :$bLippincott Williams & Wilkins
=310  \\$aEight issues yearly
=336  \\$atext$2rdacontent
=337  \\$acomputer$2rdamedia
=338  \\$aonline resource$2rdacarrier
=362  0\$aVol. 1(1) (Mar. 1990)-
=530  \\$aAlso issued in print as: Blood coagulation & fibrinolysis.
=538  \\$aMode of access: World Wide Web.
=588  \\$aDescription based on: Vol. 8, no. 1 (1997); title from journal information screen.
=588  \\$aLatest issue consulted: volume 26, issue 4 (June 2015) (Wolters Kluwer, viewed May 21, 2015).
=540  \\$aCurrent copyright fee: GBP32.00$c20\0$5Uk
=650  \0$aBlood$xCoagulation$vPeriodicals.
=650  \0$aFibrinolysis$vPeriodicals.
=650  \0$aHemostasis$vPeriodicals.
=650  \0$aThrombosis$vPeriodicals.
=650  \2$aBlood Coagulation$vPeriodicals.
=650  \2$aFibrinolysis$vPeriodicals.
=650  \2$aHemostasis$vPeriodicals.
=650  \2$aThrombosis$vPeriodicals.
=776  08$iPrint version:$tBlood coagulation & fibrinolysis$x0957-5235
=859  \\$aELD$bejournal
=856  \\$31850-9999$uhttp://journals.lww.com/pages/default.aspx$xBLDSS
=856  4\$uhttp://firstsearch.oclc.org$zAddress for accessing the journal using authorization number and password through OCLC FirstSearch Electronic Collections Online
=856  40$uhttp://gateway.ovid.com/ovidweb.cgi?T=JS&MODE=ovid&PAGE=toc&D=ovft&AN=00001721-000000000-00000
=856  40$uhttp://www.bloodcoagulation.com/
=852  41$aBritish Library$bSTI$jELD Digital store$3Volume 26:Issue 1(2015)-***Previous issues available in print copy
=852  \\$aBritish Library$bDSC$j2112.650000$3Volume 32:Issue 1(2021)-
=945  \\$aBlood coagulation and fibrinolysis.
=959  \\$fCurrently received
=985  \\$aISSN responsibility transferred to U.S. Center - 04/12/2015
=CAT  \\$aCONV$b00$c20040425$lBLL90$h0850
=CAT  \\$aCONV$b00$c20040502$lBLL01$h1434
=CAT  \\$aglobal_upd$b40$c20060417$lBLL01$h1819
=CAT  \\$aBATCH$b00$c20091210$lBLL01$h0504
=CAT  \\$aBATCH$b00$c20091214$lBLL01$h0707
=CAT  \\$a11316$b40$c20150515$lBLL01$h1346
=CAT  \\$a10876$b40$c20150521$lBLL01$h1346
=CAT  \\$a11316$b40$c20150521$lBLL01$h1536
=CAT  \\$aBATCH-CLA$b00$c20150529$lBLL01$h1529
=CAT  \\$aIPL-CLA$c20150630$lBLL01$h1640
=CAT  \\$a11316$b40$c20151204$lBLL01$h0820
=CAT  \\$a5552$b40$c20160122$lBLL01$h1222
=CAT  \\$aBLDSS-3PM$b00$c20160201$lBLL01$h1812
=CAT  \\$aBATCH-UPD$b00$c20160217$lBLL01$h1711
=CAT  \\$aIPL-CLA$c20160331$lBLL01$h1715
=CAT  \\$aBATCH-UPD$b00$c20160413$lBLL01$h1813
=CAT  \\$aBATCH-UPD$b00$c20160519$lBLL01$h1101
=CAT  \\$aBATCH-UPD$b00$c20160524$lBLL01$h2155
=CAT  \\$a5552$b40$c20161207$lBLL01$h1154
=CAT  \\$aW1711-1005$c20171206$lBLL01$h1814
=CAT  \\$a12654$b40$c20210309$lBLL01$h0955
=CAT  \\$a10806$b40$c20210622$lBLL01$h1058
=CAT  \\$a8874$b40$c20230202$lBLL01$h0708
=CFI  0\$aCurrent copyright fee: GBP32.00$c20\0$e01-apr-2016$fGBP32.00$g0$hP$5Uk
=CFI  2\$aPrevious copyright fee: GBP30.32$c20\0$e19-jan-2016$fGBP30.32$g0$hP$5Uk
=FFP  \\$aY$bBLDSS-3PM
=FIN  \\$aY
=LEO  \\$aMP22.0000066435
=LET  \0$aBlood coagulation & fibrinolysis (Electronic)
=MNI  \\$a0957-5235
=SRC  \\$aISN01$bbibmp22.200404.2.aa
=SRC  \\$aBLL02
=TCO  \\$aCLA$bCLA$c008
=TOC  \\$aETOC
=UNO  \\$aY
=LAS  \\$a8874$b40$c20230202$lBLL01$h0708

