=LDR  04483cas a2201057 a 4500
=001  011459784
=003  Uk
=005  20230202134535.0
=006  m\\\\\o\\d\\\\\\\\
=007  cr\mnu||||||||
=008  971013c19909999enkbx\pso\\\\\0\\\a0eng\c
=FMT  \\$a  SE
=010  \\$a  2011250976
=015  \\$aGBB566269$2bnb
=022  0\$a1473-5830
=030  \\$aCADIEX
=035  \\$a(OCoLC)37774271$z(OCoLC)137347109$z(OCoLC)320840190
=037  \\$aISSN_09546928$bPortico$nLippincott Williams & Wilkins
=040  \\$aF#A$beng$cF#A$dOCL$dCOU$dOCLCQ$dOCLCS$dOCL$dDLC$dPFM$dOCLCQ$dBUF$dOCLCQ$dFFQ$dAZU$dQE2$dOCLCQ$dCOO$dUk
=042  \\$aukblsr
=050  \4$aRC685.C6
=060  \4$aW1$bCO884L
=082  04$a616.123005$223
=130  0\$aCoronary artery disease (Online)
=210  0\$aCoron. artery dis.$b(Online)
=222  \0$aCoronary artery disease$b(Online)
=245  10$aCoronary artery disease$h[electronic resource].
=260  \\$a[Oxford] :$bRapid Science Publishers
=260  3\$3<2000-> :$aLondon :$bLippincott Williams & Wilkins
=310  \\$aEight issues yearly,$b1999-
=321  \\$aFrequency varies,$b1990-1998
=336  \\$atext$2rdacontent
=337  \\$acomputer$2rdamedia
=338  \\$aonline resource$2rdacarrier
=362  1\$aBegan with v. 1, no. 1 (Jan./Feb. 1990).
=538  \\$aMode of access: World Wide Web.
=588  \\$aDescription based on: Vol. 1, no. 1 (Jan./Feb. 1990); title from journal homepage (publisher's Web site, viewed Nov. 29, 2011).
=588  \\$aLatest issue consulted: volume 26, issue 4 (June 2015) (Wolters Kluwer, viewed May 20, 2015).
=540  \\$aCurrent copyright fee: GBP32.00$c20\0$5Uk
=650  \0$aCoronary heart disease$vPeriodicals.
=650  \2$aCoronary Disease$vIndexes.
=650  \2$aCoronary Disease$vPeriodicals.
=776  0\$tCoronary artery disease$x0954-6928
=776  08$iPrint version:$tCoronary artery disease$x0954-6928
=859  \\$aELD$bejournal
=856  \\$31850-9999$uhttp://journals.lww.com/pages/default.aspx$xBLDSS
=856  4\$uhttp://firstsearch.oclc.org$zAddress for accessing the journal using authorization number and password through OCLC FirstSearch Electronic Collections Online
=856  40$uhttp://gateway.ovid.com/ovidweb.cgi?T=JS&MODE=ovid&NEWS=n&PAGE=toc&D=ovft&AN=00019501-000000000-00000
=856  40$uhttp://www.coronary-artery.com/
=852  41$aBritish Library$bSTI$jELD Digital store$3Volume 26:Issue 1(2015:Jan.)-***Previous issues available in print copy
=852  \\$aBritish Library$bDSC$j3472.049000$3Volume 32:Issue 8(2021)-
=945  \\$aCoronary artery disease.
=959  \\$fCurrently received
=985  \\$aISSN responsibility transferred to U.S. ISSNCenter 03/11/2015
=CAT  \\$aCONV$b00$c20040425$lBLL90$h0850
=CAT  \\$aCONV$b00$c20040502$lBLL01$h1434
=CAT  \\$aglobal_upd$b40$c20060417$lBLL01$h1819
=CAT  \\$aBATCH$b00$c20091210$lBLL01$h0504
=CAT  \\$aBATCH$b00$c20091214$lBLL01$h0707
=CAT  \\$a11316$b40$c20150515$lBLL01$h1349
=CAT  \\$a10902$b40$c20150520$lBLL01$h0841
=CAT  \\$a11316$b40$c20150520$lBLL01$h1000
=CAT  \\$a11316$b40$c20150520$lBLL01$h1001
=CAT  \\$a11316$b40$c20150520$lBLL01$h1002
=CAT  \\$a11316$b40$c20151103$lBLL01$h0829
=CAT  \\$a5552$b40$c20160122$lBLL01$h1222
=CAT  \\$aBLDSS-3PM$b00$c20160201$lBLL01$h1812
=CAT  \\$aBATCH-UPD$b00$c20160217$lBLL01$h1711
=CAT  \\$aIPL-CLA$c20160331$lBLL01$h1715
=CAT  \\$a8055$b40$c20160413$lBLL01$h1153
=CAT  \\$aBATCH-UPD$b40$c20160413$lBLL01$h1813
=CAT  \\$aBATCH-UPD$b40$c20160524$lBLL01$h2155
=CAT  \\$aBATCH-UPD$b40$c20160524$lBLL01$h2240
=CAT  \\$a5552$b40$c20170125$lBLL01$h1224
=CAT  \\$aW1711-1005$c20171206$lBLL01$h1814
=CAT  \\$a12654$b40$c20210315$lBLL01$h1032
=CAT  \\$a8250$b40$c20230202$lBLL01$h1345
=CFI  0\$aCurrent copyright fee: GBP32.00$c20\0$e01-apr-2016$fGBP32.00$g0$hP$5Uk
=CFI  2\$aPrevious copyright fee: GBP30.32$c20\0$e19-jan-2016$fGBP30.32$g0$hP$5Uk
=FFP  \\$aY$bBLDSS-3PM
=FIN  \\$aY
=LEO  \\$aMP22.0000066441
=LET  \0$aCoronary artery disease (Electronic)
=LKR  \\$aPAR$b012409141$lBLL01$nCoronary artery disease (Print)$mCoronary artery disease (Online)$r776
=MNI  \\$a0954-6928
=SID  \\$aZ39$bOCLC
=SRC  \\$aISN01$bbibmp22.200404.2.aa
=TCO  \\$aCLA$bCLA$c008
=TOC  \\$aETOC
=UNO  \\$aY
=LAS  \\$a8250$b40$c20230202$lBLL01$h1345

