=LDR  04684cas a2201141 a 4500
=001  011459785
=003  Uk
=005  20230202070650.0
=006  m\\\\\o\\d\\\\\\\\
=007  cr\mnu||||||||
=008  970922c19899999enkbx\pso\\\\\0\\\a0eng\c
=FMT  \\$a  SE
=010  \\$a  2011250990
=015  \\$aGBB566488$2bnb
=016  7\$a9013016$2DNLM
=016  7\$aSR0066389$2DNLM
=022  0\$a1473-5849
=030  \\$aBPHAEL
=035  \\$a(OCoLC)37662608$z(OCoLC)173734050$z(OCoLC)243599572$z(OCoLC)252421791$z(OCoLC)318921598$z(OCoLC)535491790$z(OCoLC)858832477
=037  \\$aISSN_09558810$bPortico$nLippincott Williams & Wilkins
=040  \\$aF#A$beng$cF#A$dOCL$dCOU$dOCLCQ$dOCL$dOCLCQ$dMYG$dCHS$dBUF$dLGG$dS4S$dFFQ$dYUS$dOCLCQ$dCOO$dOCLCO$dVT2$dUk
=042  \\$aukblsr
=050  \4$aRM315
=050  \4$aRM1$b.B44
=060  \4$aW1$bBE135G
=082  04$a615.78$223
=130  0\$aBehavioural pharmacology (Online)
=210  0\$aBehav. pharm.$b(Online)
=222  \0$aBehavioural pharmacology$b(Online)
=245  10$aBehavioural pharmacology$h[electronic resource].
=260  \\$aLondon :$bClinical Neuroscience Publishers
=260  2\$3-<1999> :$a[Oxford, England] :$bRapid Science Publishers
=260  3\$3<2000>- :$a[London] :$bLippincott Williams & Wilkins
=310  \\$aEight issues yearly,$b1995-
=321  \\$aTwo no. a year,$b1989
=321  \\$aFour no. a year,$b1990
=321  \\$aBimonthly,$b1991-1994
=336  \\$atext$2rdacontent
=337  \\$acomputer$2rdamedia
=338  \\$aonline resource$2rdacarrier
=362  1\$aPrint began with vol. 1 in 1989.
=515  \\$aSome issues combined.
=525  \\$aHas supplements.
=538  \\$aMode of access: World Wide Web.
=588  \\$aDescription based on print version record.
=588  \\$aLatest issue consulted: volume 26, issue 4 (June 2015) (Wolters Kluwer, viewed May 22, 2015).
=540  \\$aCurrent copyright fee: GBP32.00$c20\0$5Uk
=650  \0$aPsychopharmacology$vPeriodicals.
=650  \2$aNervous System$xdrug effects$vPeriodicals.
=650  \2$aBehavior$xdrug effects$vPeriodicals.
=710  2\$aEuropean Behavioural Pharmacology Society.
=776  08$iPrint version:$tBehavioural pharmacology$x0955-8810
=859  \\$aELD$bejournal
=856  \\$31850-9999$uhttp://journals.lww.com/pages/default.aspx$xBLDSS
=856  4\$uhttp://firstsearch.oclc.org$zAddress for accessing the journal using authorization number and password through OCLC FirstSearch Electronic Collections Online
=856  40$uhttp://ovidsp.ovid.com/ovidweb.cgi?T=JS&NEWS=n&CSC=Y&PAGE=toc&D=yrovft&AN=00008877-000000000-00000
=856  40$uhttp://www.behaviouralpharm.com/
=852  41$aBritish Library$bSTI$jELD Digital store$3Volume 26:Issue 1/2(2015)-***Previous issues available in print copy
=852  \\$aBritish Library$bDSC$j1877.630000$3Volume 33:Issue 2/3(2022)-
=945  \\$aBehavioural pharmacology.
=959  \\$fCurrently received
=985  \\$aISSN responsibility transferred to U.S. Center - 4/11/2015
=CAT  \\$aCONV$b00$c20040425$lBLL90$h0850
=CAT  \\$aCONV$b00$c20040502$lBLL01$h1434
=CAT  \\$aglobal_upd$b40$c20060417$lBLL01$h1819
=CAT  \\$aBATCH$b00$c20091210$lBLL01$h0504
=CAT  \\$aBATCH$b00$c20091214$lBLL01$h0707
=CAT  \\$a11316$b40$c20150515$lBLL01$h1405
=CAT  \\$a10876$b40$c20150521$lBLL01$h1221
=CAT  \\$a11316$b40$c20150522$lBLL01$h1006
=CAT  \\$a11316$b40$c20150522$lBLL01$h1008
=CAT  \\$aBATCH-CLA$b00$c20150529$lBLL01$h1529
=CAT  \\$aIPL-CLA$c20150630$lBLL01$h1640
=CAT  \\$a11316$b40$c20151104$lBLL01$h0936
=CAT  \\$a5552$b40$c20160122$lBLL01$h1222
=CAT  \\$aBLDSS-3PM$b00$c20160201$lBLL01$h1812
=CAT  \\$aBATCH-UPD$b00$c20160217$lBLL01$h1711
=CAT  \\$aIPL-CLA$c20160331$lBLL01$h1715
=CAT  \\$aBATCH-UPD$b00$c20160413$lBLL01$h1813
=CAT  \\$aBATCH-UPD$b00$c20160524$lBLL01$h2155
=CAT  \\$aBATCH-UPD$b00$c20160524$lBLL01$h2240
=CAT  \\$a5552$b40$c20161202$lBLL01$h0926
=CAT  \\$aW1711-1005$c20171206$lBLL01$h1814
=CAT  \\$a12654$b40$c20210309$lBLL01$h0922
=CAT  \\$a8874$b40$c20230202$lBLL01$h0706
=CFI  0\$aCurrent copyright fee: GBP32.00$c20\0$e01-apr-2016$fGBP32.00$g0$hP$5Uk
=CFI  2\$aPrevious copyright fee: GBP30.32$c20\0$e19-jan-2016$fGBP30.32$g0$hP$5Uk
=FFP  \\$aY$bBLDSS-3PM
=FIN  \\$aY
=LEO  \\$aMP22.0000066442
=LET  \0$aBehavioural pharmacology (Electronic)
=MNI  \\$a0955-8810
=SID  \\$aZ39$bOCLC
=SRC  \\$aISN01$bbibmp22.200404.2.aa
=TCO  \\$aCLA$bCLA$c008
=TOC  \\$aETOC
=UNO  \\$aY
=LAS  \\$a8874$b40$c20230202$lBLL01$h0706

