=LDR  04600cas a2201093 a 4500
=001  011459786
=003  Uk
=005  20210420093908.0
=006  m\\\\\o\\d\\\\\\\\
=007  cr\|||||||||||
=008  970922c19869999enkbr\pso\\\\\0\\\a0eng\c
=FMT  \\$a  SE
=010  \\$a  2008233955
=015  \\$aGBB566399$2bnb
=022  0\$a1473-5857$y0268-1315
=035  \\$a(OCoLC)37662736
=037  \\$aISSN_02681315$bPortico$nLippincott Williams & Wilkins
=040  \\$aOCoLC$beng$cOCoLC$dOCoLC$dViU-H$dGU$dOCoLC$dMCM$dOCoLC$dUk
=042  \\$aukblsr
=050  14$aRM315
=082  04$a615.7805$223
=130  0\$aInternational clinical psychopharmacology (Online)
=210  0\$aInt. clin. psychopharmacol.$b(Online)
=222  \0$aInternational clinical psychopharmacology$b(Online)
=245  10$aInternational clinical psychopharmacology$h[electronic resource].
=260  \\$a[Oxford] :$bRapid Science Publishers,$c[1986]-
=264  21$aLondon :$bLippincott, Williams & Wilkins, Inc.
=264  31$a[London] :$bWolters Kluwer Health, Inc.
=310  \\$aBimonthly
=321  \\$aQuarterly
=336  \\$atext$2rdacontent
=337  \\$acomputer$2rdamedia
=338  \\$aonline resource$2rdacarrier
=362  1\$aPrint began with v. 1, no. 1 (Jan. 1986).
=525  \\$aSupplements accompany some issues.
=538  \\$aMode of access: World Wide Web.
=588  \\$aDescription based on: Vol. 12, no. 1 (1997); title from journal information screen.
=588  \\$aLatest issue consulted: volume 32, issue 3 (May 2017); Wolters Kluwer, viewed April 18, 2017.
=540  \\$aCurrent copyright fee: GBP32.00$c20\0$5Uk
=650  \0$aPsychopharmacology$vPeriodicals.
=650  \0$aPsychotropic drugs$vPeriodicals.
=650  \2$aPsychopharmacology$vperiodicals.
=650  \2$aPsychotropic Drugs$vperiodicals.
=776  08$iAlso issued in print as:$tInternational clinical psychopharmacology$x0268-1315
=859  \\$aELD$bejournal
=856  \\$31850-9999$uhttp://journals.lww.com/pages/default.aspx$xBLDSS
=856  4\$uhttp://firstsearch.oclc.org$zAddress for accessing the journal using authorization number and password through OCLC FirstSearch Electronic Collections Online
=856  4\$uhttp://www.lww.com/Product/0268-1315
=856  40$uhttp://ovidsp.ovid.com/ovidweb.cgi?T=JS&NEWS=n&CSC=Y&PAGE=toc&D=yrovft&AN=00004850-000000000-00000
=856  40$uhttp://www.intclinpsychopharm.com/
=856  40$uhttp://journals.lww.com/intclinpsychopharm/Pages/default.aspx
=852  41$aBritish Library$bHMNTS$jELD Digital store$3Volume 30:Number 1(2015:Jan.)-
=852  \\$aBritish Library$bDSC$j4538.674500$3Volume 36:Issue 4(2021)-
=945  \\$aInternational clinical psychopharmacology.
=959  \\$fCurrently received
=985  \\$aISSN responsibility transferred to U.S. Center - 11/11/2015
=CAT  \\$aCONV$b00$c20040425$lBLL90$h0850
=CAT  \\$aCONV$b00$c20040502$lBLL01$h1434
=CAT  \\$aglobal_upd$b40$c20060417$lBLL01$h1819
=CAT  \\$aBATCH$b00$c20091210$lBLL01$h0504
=CAT  \\$aBATCH$b00$c20091214$lBLL01$h0707
=CAT  \\$a11316$b40$c20150515$lBLL01$h1350
=CAT  \\$a8311$b40$c20150520$lBLL01$h1624
=CAT  \\$a11316$b40$c20150521$lBLL01$h1143
=CAT  \\$a11316$b40$c20150521$lBLL01$h1146
=CAT  \\$aBATCH-CLA$b00$c20150529$lBLL01$h1529
=CAT  \\$aIPL-CLA$c20150630$lBLL01$h1640
=CAT  \\$a11316$b40$c20151111$lBLL01$h0835
=CAT  \\$a5552$b40$c20160122$lBLL01$h1217
=CAT  \\$aBLDSS-3PM$b00$c20160201$lBLL01$h1812
=CAT  \\$aBATCH-UPD$b00$c20160217$lBLL01$h1711
=CAT  \\$aIPL-CLA$c20160331$lBLL01$h1715
=CAT  \\$aBATCH-UPD$b00$c20160413$lBLL01$h1813
=CAT  \\$aBATCH-UPD$b00$c20160524$lBLL01$h2155
=CAT  \\$aBATCH-UPD$b00$c20160524$lBLL01$h2240
=CAT  \\$a5410$b40$c20161012$lBLL01$h0947
=CAT  \\$a11205$b40$c20170418$lBLL01$h1636
=CAT  \\$a5552$b40$c20170512$lBLL01$h1354
=CAT  \\$aW1711-1005$c20171206$lBLL01$h1814
=CAT  \\$a12654$b40$c20210420$lBLL01$h0938
=CAT  \\$a12654$b40$c20210420$lBLL01$h0939
=CFI  0\$aCurrent copyright fee: GBP32.00$c20\0$e01-apr-2016$fGBP32.00$g0$hP$5Uk
=CFI  2\$aPrevious copyright fee: GBP30.32$c20\0$e19-jan-2016$fGBP30.32$g0$hP$5Uk
=FFP  \\$aY$bBLDSS-3PM
=FIN  \\$aY
=LEO  \\$aMP22.0000066443
=LET  \0$aInternational clinical psychopharmacology (Electronic)
=MNI  \\$a0268-1315
=SRC  \\$aISN01$bbibmp22.200404.2.aa
=SRC  \\$aBLL02
=TCO  \\$aCLA$bCLA$c008
=TOC  \\$aETOC
=UNO  \\$aY
=LAS  \\$a12654$b40$c20210420$lBLL01$h0939

