=LDR  04825cas a2201129 a 4500
=001  011459811
=003  Uk
=005  20230202134659.0
=006  m\\\\\o\\d\\\\\\\\
=007  cr\|||||||||||
=008  970514c19889999paubr\pso\\\\\0\\\a0eng\c
=FMT  \\$a  SE
=010  \\$a  2011250991
=015  \\$aGBB566522$2bnb
=022  0\$a1473-6500
=030  \\$aCOAEE2
=035  \\$a(OCoLC)36903038$z(OCoLC)252437330$z(OCoLC)393218236$z(OCoLC)517229717
=037  \\$aISSN_09527907$bPortico$nLippincott Williams & Wilkins
=040  \\$aF#A$beng$cF#A$dOCL$dOCLCQ$dSBH$dOCLCQ$dOCLCS$dOCLCQ$dBUF$dLGG$dQE2$dM6U$dOCLCQ$dOCLCO$dOCLCQ$dOCLCF$dUk
=042  \\$aukblsr
=050  \4$aRD78.3
=060  \4$aW1$bCU799GB
=082  04$a617.9605$223
=130  0\$aCurrent opinion in anaesthesiology (Online)
=210  0\$aCurr. opin. anaesth.$b(Online)
=222  \0$aCurrent opinion in anaesthesiology$b(Online)
=245  10$aCurrent opinion in anaesthesiology$h[electronic resource].
=246  1\$iVols. for 1994- have title:$aCurrent opinion in anesthesiology
=260  \\$aPhiladelphia, PA :$bGower Academic Journals,$cc1988-
=260  2\$3<1992-> :$aLondon :$bCurrent Science Ltd.
=260  2\$3<-1999>$a[Oxford] :$bRapid Science Publishers
=260  3\$3<2000>- :$a[Philadelphia?] :$bLippincott Williams and Wilkins
=310  \\$aBimonthly
=336  \\$atext$2rdacontent
=337  \\$acomputer$2rdamedia
=338  \\$aonline resource$2rdacarrier
=362  1\$aPrint began with vol. 1, no. 1 (May/Jun. 1988).
=538  \\$aMode of access: World Wide Web.
=550  \\$aEndorsed by the European Academy of Anaesthesiology.
=588  \\$aDescription based on print version record.
=588  \\$aLatest issue consulted: volume 28, issue 3 (June 2015) (Wolters Kluwer Health, viewed May 22, 2015).
=540  \\$aCurrent copyright fee: GBP32.00$c20\0$5Uk
=650  \0$aAnesthesiology$vPeriodicals.
=650  \2$aAnesthesiology$vIndexes.
=650  \2$aAnesthesiology$vPeriodicals.
=650  \2$aReview Literature$vIndexes.
=650  \2$aReview Literature$vPeriodicals.
=650  \7$aAnesthesiology.$2fast$0(OCoLC)fst00808683
=655  \7$aPeriodicals.$2fast$0(OCoLC)fst01411641
=776  0\$tCurrent opinion in anaesthesiology$x0952-7907
=710  2\$aEuropean Academy of Anaesthesiology.
=776  08$iPrint version:$tCurrent opinion in anaesthesiology$x0952-7907
=859  \\$aELD$bejournal
=856  \\$31850-9999$uhttp://journals.lww.com/pages/default.aspx$xBLDSS
=856  4\$uhttp://firstsearch.oclc.org$zAddress for accessing the journal using authorization number and password through OCLC FirstSearch Electronic Collections Online
=856  40$uhttp://ovidsp.ovid.com/ovidweb.cgi?T=JS&NEWS=n&CSC=Y&PAGE=toc&D=ovft&AN=00001503-000000000-00000
=856  40$uhttp://www.co-anesthesiology.com/
=852  41$aBritish Library$bSTI$jELD Digital store$3Volume 28:Issue 1(2015:Feb.)-***Previous issues available in print copy
=852  \\$aBritish Library$bDSC$j3500.772000$3Volume 34:Issue 2(2021)-
=945  \\$aCURRENT OPINION IN ANAESTHESIOLOGY.
=959  \\$fCurrently received
=985  \\$aISSN responsibility transferred to U.S. Center - 17/11/2015
=CAT  \\$aCONV$b00$c20040425$lBLL90$h0850
=CAT  \\$aCONV$b00$c20040502$lBLL01$h1434
=CAT  \\$aglobal_upd$b40$c20060417$lBLL01$h1819
=CAT  \\$aBATCH$b00$c20091210$lBLL01$h0504
=CAT  \\$aBATCH$b00$c20091214$lBLL01$h0707
=CAT  \\$a11316$b40$c20150515$lBLL01$h1353
=CAT  \\$a10902$b40$c20150520$lBLL01$h0956
=CAT  \\$a11316$b40$c20150522$lBLL01$h1404
=CAT  \\$aBATCH-CLA$b00$c20150529$lBLL01$h1529
=CAT  \\$aIPL-CLA$c20150630$lBLL01$h1640
=CAT  \\$a11316$b40$c20151117$lBLL01$h0801
=CAT  \\$a5552$b40$c20160122$lBLL01$h1214
=CAT  \\$aBLDSS-3PM$b00$c20160201$lBLL01$h1812
=CAT  \\$aBATCH-UPD$b00$c20160217$lBLL01$h1711
=CAT  \\$aIPL-CLA$c20160331$lBLL01$h1715
=CAT  \\$aBATCH-UPD$b00$c20160413$lBLL01$h1813
=CAT  \\$aBATCH-UPD$b00$c20160524$lBLL01$h2155
=CAT  \\$aBATCH-UPD$b00$c20160524$lBLL01$h2240
=CAT  \\$a5552$b40$c20170127$lBLL01$h1142
=CAT  \\$aW1711-1005$c20171206$lBLL01$h1814
=CAT  \\$a12654$b40$c20210315$lBLL01$h1124
=CAT  \\$a8250$b40$c20230202$lBLL01$h1346
=CFI  0\$aCurrent copyright fee: GBP32.00$c20\0$e01-apr-2016$fGBP32.00$g0$hP$5Uk
=CFI  2\$aPrevious copyright fee: GBP30.32$c20\0$e19-jan-2016$fGBP30.32$g0$hP$5Uk
=FFP  \\$aY$bBLDSS-3PM
=FIN  \\$aY
=LEO  \\$aMP22.0000066495
=LET  \0$aCurrent opinion in anesthesiology (Electronic)
=MNI  \\$a0952-7907
=SID  \\$aZ39$bOCLC
=SRC  \\$aISN01$bbibmp22.200404.2.aa
=TCO  \\$aCLA$bCLA$c008
=TOC  \\$aETOC
=UNO  \\$aY
=LAS  \\$a8250$b40$c20230202$lBLL01$h1346

