=LDR  03948cas a2200949 i 4500
=001  011459814
=003  Uk
=005  20230206141814.0
=006  m\\\\\\\\d\|\\\\\\
=007  cr||||||||||||
=008  010305c19909999enkbr\p\s\\\\\0\\\a0eng\\
=FMT  \\$a  SE
=015  \\$aGBB572380$2bnb
=022  \\$a1473-6535$y0957-9672
=037  \\$aISSN_09579672$bPortico$nLippincott Williams & Wilkins
=040  \\$aUk$beng$cUk$dUk$erda
=042  \\$aukblsr
=082  04$a572.574$223
=210  0\$aCurr. opin. lipidol.$b(Online)
=222  \0$aCurrent opinion in lipidology$b(Online)
=245  00$aCurrent opinion in lipidology.
=260  \\$aLondon :$bCurrent Science,$c1990-
=260  3\$32006-$aLondon :$bLippincott Williams & Wilkins
=264  31$a[Philadelphia, PA] :$bWolters Kluwer Health, Inc
=310  \\$aBi-monthly
=336  \\$atext$2rdacontent
=337  \\$acomputer$2rdamedia
=338  \\$aonline resource$2rdacarrier
=362  1\$aPrint began in 1990.
=588  \\$aDescription based on print version record.
=588  \\$aLatest issue consulted: volume 26, issue 1 (February 2015) (publisher's website viewed June 3, 2015).
=540  \\$aCurrent copyright fee: GBP32.00$c20\0$5Uk
=650  \0$aLipids$vPeriodicals.
=776  08$iAlso issued in print as:$tCurrent opinion in lipidology$x0957-9672
=776  0\$tCurrent opinion in lipidology, with evaluated MEDLINE$x1080-823X
=859  \\$aELD$bejournal
=856  \\$uhttp://journals.lww.com/co-lipidology/toc/2015/02000
=856  \\$31850-9999$uhttp://journals.lww.com/pages/default.aspx$xBLDSS
=856  40$uhttp://www.lww.com/webapp/wcs/stores/servlet/product_Current-Opinion-in-Lipidology-Online_11851_-1_9012052_Prod-14736535$zTo subscribe
=852  41$aBritish Library$bSTI$jELD Digital store$3Volume 26:Issue 1(2015:Feb.)-
=852  \\$aBritish Library$bDSC$j3500.775800$3Volume 32:Issue 1(2021)-
=945  \\$aCurrent opinion in lipidology.
=959  \\$fCurrently received
=985  \\$aISSN responsibility transferred to US ISSN Centre from ISSN UK Centre, 24.04.2012
=CAT  \\$aCONV$b00$c20040425$lBLL90$h0850
=CAT  \\$aCONV$b00$c20040502$lBLL01$h1434
=CAT  \\$aglobal_upd$b40$c20060417$lBLL01$h1819
=CAT  \\$aISSN$b40$c20090304$lBLL01$h1433
=CAT  \\$aBATCH$b00$c20091210$lBLL01$h0504
=CAT  \\$aBATCH$b00$c20091214$lBLL01$h0707
=CAT  \\$a10806$b40$c20120110$lBLL01$h1528
=CAT  \\$a11313$b40$c20120423$lBLL01$h1332
=CAT  \\$a11313$b40$c20120424$lBLL01$h0809
=CAT  \\$a10902$b40$c20150521$lBLL01$h1649
=CAT  \\$a5110$b40$c20150604$lBLL01$h1102
=CAT  \\$a5110$b40$c20150604$lBLL01$h1103
=CAT  \\$aBATCH-UPD$b40$c20150822$lBLL01$h0402
=CAT  \\$a5552$b40$c20160122$lBLL01$h1215
=CAT  \\$aBLDSS-3PM$b00$c20160201$lBLL01$h1812
=CAT  \\$aBATCH-UPD$b00$c20160217$lBLL01$h1711
=CAT  \\$aIPL-CLA$c20160331$lBLL01$h1715
=CAT  \\$aBATCH-UPD$b00$c20160413$lBLL01$h1813
=CAT  \\$aBATCH-UPD$b00$c20160524$lBLL01$h2155
=CAT  \\$aBATCH-UPD$b00$c20160524$lBLL01$h2240
=CAT  \\$a5410$b40$c20160906$lBLL01$h1122
=CAT  \\$a5552$b40$c20170127$lBLL01$h1311
=CAT  \\$aW1711-1005$c20171206$lBLL01$h1814
=CAT  \\$a12654$b40$c20210317$lBLL01$h1047
=CAT  \\$a10806$b40$c20210622$lBLL01$h1255
=CAT  \\$a8874$b40$c20230206$lBLL01$h1418
=CFI  0\$aCurrent copyright fee: GBP32.00$c20\0$e01-apr-2016$fGBP32.00$g0$hP$5Uk
=CFI  2\$aPrevious copyright fee: GBP30.32$c20\0$e19-jan-2016$fGBP30.32$g0$hP$5Uk
=FFP  \\$aY$bBLDSS-3PM
=FIN  \\$aY
=LEO  \\$aMP22.0000066498
=LET  \0$aCurrent opinion in lipidology (Electronic)
=LKR  \\$aPAR$b007160320$lBLL01$nCurrent opinion in lipidology (Print)$mCurrent opinion in lipidology (Online)$r776
=SRC  \\$aISN01$bbibmp22.200404.2.aa
=TCO  \\$aCLA$bCLA$c008
=TOC  \\$aETOC
=UNO  \\$aY
=LAS  \\$a8874$b40$c20230206$lBLL01$h1418

