=LDR  05039cas a2201177 a 4500
=001  011459815
=003  Uk
=005  20230206142045.0
=006  m\\\\\o\\d\\\\\\\\
=007  cr\|||||||||||
=008  970514c19929999paubr\pso\\\\\0\\\a0eng\c
=FMT  \\$a  SE
=010  \\$a  2001214006
=015  \\$aGBB564291$2bnb
=016  7\$a9303753$2DNLM
=016  7\$aSR0075382$2DNLM
=022  0\$a1473-6543$y1473-6554$z1535-3842
=030  \\$aCNHYEM
=035  \\$a(OCoLC)36903822
=037  \\$aISSN_10624821$bPortico$nLippincott Williams & Wilkins
=040  \\$aOCoLC$cOCoLC$dOCoLC$dNSDP$dOCoLC$dNBuU-H$dOCoLC$dCoU-M$dNSDP$dNBuU$dOCoLC$dNBuU$dCaQMM$dIaU$dOCoLC$dOCLCO$dOCoLC$dUk
=042  \\$aukblsr
=050  14$aRC685.H8$bC675
=060  \4$aW1$bCU799GFN
=082  04$a616.132$223
=130  0\$aCurrent opinion in nephrology and hypertension (Online)
=210  0\$aCurr. opin. nephrol. hypertens.$b(Online)
=222  \0$aCurrent opinion in nephrology and hypertension$b(Online)
=245  10$aCurrent opinion in nephrology and hypertension$h[electronic resource].
=260  \\$aPhiladelphia, PA :$bCurrent Science,$cc1992-
=260  2\$3<Jan. 1996- >:$a[Oxford] :$bRapid Science Publishers
=260  3\$3<2000- >:$aPhiladelphia, PA :$bLippincott Williams & Wilkins
=310  \\$aBimonthly
=336  \\$atext$2rdacontent
=337  \\$acomputer$2rdamedia
=338  \\$aonline resource$2rdacarrier
=362  1\$aPrint began with vol. 1, no. 1 (Oct. 1992).
=538  \\$aMode of access: World Wide Web.
=588  \\$aDescription based on: Vol. 4, no. 1 (1995); title from journal information screen.
=588  \\$aLatest issue consulted: volume 24, issue 3 (May 2015) (Wolters Kluwer Health, viewed May 19, 2015).
=540  \\$aCurrent copyright fee: GBP32.00$c20\0$5Uk
=650  \0$aHypertension$vPeriodicals.
=650  \0$aNephrology$vPeriodicals.
=650  \2$aHypertension$vIndexes.
=650  \2$aHypertension$vPeriodicals.
=650  \2$aKidney Diseases$vIndexes.
=650  \2$aKidney Diseases$vPeriodicals.
=650  \2$aNephrology$vPeriodicals.
=776  08$iPrint version:$tCurrent opinion in nephrology and hypertension$x1062-4821
=856  \\$31850-9999$uhttp://journals.lww.com/pages/default.aspx$xBLDSS
=856  4\$uhttp://firstsearch.oclc.org$zAddress for accessing the journal using authorization number and password through OCLC FirstSearch Electronic Collections Online
=856  4\$uhttp://www.ovid.com$zAddress for accessing the journal through Journals@Ovid
=856  4\$uwww.currentopinion.com
=856  40$uhttp://www.co-nephrolhypertens.com/
=859  \\$aELD$bejournal
=852  41$aBritish Library$bSTI$jELD Digital store$3Volume 24:Issue 1(2015:Jan.)-
=852  \\$aBritish Library$bDSC$j3500.775830$3Volume 30:Issue 3(2021)-
=945  \\$aCurrent opinion in nephrology and hypertension.
=959  \\$fCurrently received
=985  \\$aISSN Centre note. Spelling error in original ISSN record - now corrected.
=985  \\$aISSN responsibility transferred to U.S. Center - 4/11/2015
=CAT  \\$aCONV$b00$c20040425$lBLL90$h0850
=CAT  \\$a11316$b40$c20090225$lBLL01$h1106
=CAT  \\$a11316$b40$c20090225$lBLL01$h1107
=CAT  \\$aISSN$b40$c20090309$lBLL01$h1336
=CAT  \\$aBATCH$b00$c20091210$lBLL01$h0504
=CAT  \\$aBATCH$b00$c20091214$lBLL01$h0707
=CAT  \\$a11316$b40$c20150515$lBLL01$h1356
=CAT  \\$a8411$b40$c20150518$lBLL01$h0913
=CAT  \\$a8411$b40$c20150518$lBLL01$h0914
=CAT  \\$a11316$b40$c20150519$lBLL01$h1238
=CAT  \\$a11316$b40$c20150519$lBLL01$h1334
=CAT  \\$aBATCH-CLA$b00$c20150529$lBLL01$h1529
=CAT  \\$aIPL-CLA$c20150630$lBLL01$h1640
=CAT  \\$a11316$b40$c20151104$lBLL01$h0918
=CAT  \\$a5552$b40$c20160122$lBLL01$h1215
=CAT  \\$aBLDSS-3PM$b00$c20160201$lBLL01$h1812
=CAT  \\$aBATCH-UPD$b00$c20160217$lBLL01$h1711
=CAT  \\$aWR16_048$c20160322$lBLL01$h1613
=CAT  \\$aIPL-CLA$c20160331$lBLL01$h1715
=CAT  \\$aBATCH-UPD$b00$c20160413$lBLL01$h1813
=CAT  \\$aBATCH-UPD$b00$c20160524$lBLL01$h2155
=CAT  \\$aBATCH-UPD$b00$c20160524$lBLL01$h2240
=CAT  \\$a5552$b40$c20170127$lBLL01$h1313
=CAT  \\$aW1711-1005$c20171206$lBLL01$h1814
=CAT  \\$a12654$b40$c20210317$lBLL01$h1105
=CAT  \\$a8874$b40$c20230206$lBLL01$h1420
=CFI  0\$aCurrent copyright fee: GBP32.00$c20\0$e01-apr-2016$fGBP32.00$g0$hP$5Uk
=CFI  2\$aPrevious copyright fee: GBP30.32$c20\0$e19-jan-2016$fGBP30.32$g0$hP$5Uk
=FFP  \\$aY$bBLDSS-3PM
=FIN  \\$aY
=LEO  \\$aMP22.0000066499
=LET  \0$aCurrent opinion in nephrology and hypertension (Electronic)
=LKR  \\$aPAR$b010821346$lBLL01$nCurrent opinion in nephrology and hypertension (Print)$mCurrent opinion in nephrology and hypertension (Online)$r776
=MNI  \\$a1062-4821
=SRC  \\$aISN01$bbibmp22.200404.2.aa
=SRC  \\$aBLL02
=TCO  \\$aCLA$bCLA$c008
=TOC  \\$aETOC
=UNO  \\$aY
=LAS  \\$a8874$b40$c20230206$lBLL01$h1420

