=LDR  03972cas a2200961 i 4500
=001  011459816
=003  Uk
=005  20230206142121.0
=006  m\\\\\\\\d\|\\\\\\
=007  cr||||||||||||
=008  010305c19939999enkbr\p\s\\\\\0\\\a0eng\\
=FMT  \\$a  SE
=015  \\$aGBB572404$2bnb
=022  0\$a1473-6551$y1350-7540
=037  \\$aISSN_13507540$bPortico$nLippincott Williams & Wilkins
=040  \\$aUk$beng$cUk$dUk$erda
=042  \\$aukblsr
=082  04$a616.805$223
=210  0\$aCurr. opin. neurol.$b(Online)
=222  \0$aCurrent opinion in neurology$b(Online)
=245  00$aCurrent opinion in neurology.
=260  \\$aPhiladelphia :$bCurrent Science,$c1993-
=260  2\$aLondon :$bLippincott Williams & Wilkins
=264  31$a[London] :$bWolters Kluwer Health
=310  \\$aBimonthly
=336  \\$atext$2rdacontent
=337  \\$acomputer$2rdamedia
=338  \\$aonline resource$2rdacarrier
=362  1\$aPrint began in 1993.
=588  \\$aDescription based on print version record.
=588  \\$aLatest issue consulted: volume 28, issue 2 (April 2015) (publisher's website, viewed June 4, 2015).
=540  \\$aCurrent copyright fee: GBP32.00$c20\0$5Uk
=650  \0$aNeurology$vPeriodicals.
=650  \0$aNervous system$xDiseases$vPeriodicals.
=776  08$iAlso issued in print as:$tCurrent opinion in neurology$x1350-7540
=780  00$tCurrent opinion in neurology and neurosurgery$x1747-3675
=856  \\$31850-9999$uhttp://journals.lww.com/pages/default.aspx$xBLDSS
=856  40$uhttp://journals.lww.com/co-neurology/pages/default.aspx
=856  40$uhttp://www.lww.com/webapp/wcs/stores/servlet/product_Current-Opinion-in-Neurology-Online_11851_-1_9012052_Prod-14736551$zTo subscribe
=859  \\$aELD$bejournal
=852  41$aBritish Library$bSTI$jELD Digital store$3Volume 28:Issue 1(2015:Feb.)-
=852  \\$aBritish Library$bDSC$j3500.775870$3Volume 35:Issue 2(2022)-
=945  \\$aCurrent opinion in neurology.
=959  \\$fCurrently received
=985  \\$aISSN responsibility transferred to US ISSN Centre from ISSN UK Centre, 24.04.2012
=CAT  \\$aCONV$b00$c20040425$lBLL90$h0850
=CAT  \\$aCONV$b00$c20040502$lBLL01$h1434
=CAT  \\$aglobal_upd$b40$c20060417$lBLL01$h1819
=CAT  \\$a8874$b40$c20090123$lBLL01$h1137
=CAT  \\$aBATCH$b00$c20091210$lBLL01$h0504
=CAT  \\$aBATCH$b00$c20091214$lBLL01$h0707
=CAT  \\$a10806$b40$c20120110$lBLL01$h1527
=CAT  \\$a11313$b40$c20120423$lBLL01$h1330
=CAT  \\$a11313$b40$c20120424$lBLL01$h0810
=CAT  \\$a11316$b40$c20140905$lBLL01$h1147
=CAT  \\$a8411$b40$c20150518$lBLL01$h0925
=CAT  \\$a5110$b40$c20150610$lBLL01$h0946
=CAT  \\$aBATCH-UPD$b40$c20150822$lBLL01$h0327
=CAT  \\$a5552$b40$c20160122$lBLL01$h1215
=CAT  \\$aBLDSS-3PM$b00$c20160201$lBLL01$h1812
=CAT  \\$aBATCH-UPD$b00$c20160217$lBLL01$h1711
=CAT  \\$aWR16_048$c20160322$lBLL01$h1613
=CAT  \\$aIPL-CLA$c20160331$lBLL01$h1715
=CAT  \\$aBATCH-UPD$b00$c20160413$lBLL01$h1813
=CAT  \\$aBATCH-UPD$b00$c20160519$lBLL01$h1408
=CAT  \\$aBATCH-UPD$b00$c20160524$lBLL01$h2155
=CAT  \\$a5410$b40$c20160906$lBLL01$h1046
=CAT  \\$a5552$b40$c20170127$lBLL01$h1527
=CAT  \\$aW1711-1005$c20171206$lBLL01$h1814
=CAT  \\$a12654$b40$c20210317$lBLL01$h1120
=CAT  \\$a8874$b40$c20230206$lBLL01$h1421
=CFI  0\$aCurrent copyright fee: GBP32.00$c20\0$e01-apr-2016$fGBP32.00$g0$hP$5Uk
=CFI  2\$aPrevious copyright fee: GBP30.32$c20\0$e19-jan-2016$fGBP30.32$g0$hP$5Uk
=FFP  \\$aY$bBLDSS-3PM
=FIN  \\$aY
=LEO  \\$aMP22.0000066500
=LET  \0$aCurrent opinion in neurology (Electronic)
=LKR  \\$aPAR$b010821528$lBLL01$nCurrent opinion in neurology (Print)$mCurrent opinion in neurology (Online)$r776
=SRC  \\$aISN01$bbibmp22.200404.2.aa
=TCO  \\$aCLA$bCLA$c008
=TOC  \\$aETOC
=UNO  \\$aY
=LAS  \\$a8874$b40$c20230206$lBLL01$h1421

