=LDR  04746cas a2201105 a 4500
=001  011459817
=003  Uk
=005  20210624072535.0
=006  m\\\\\o\\d\\\\\\\\
=007  cr\|||||||||||
=008  970514c19899999enkbr\pso\\\\\0\\\a0eng\c
=FMT  \\$a  SE
=010  \\$a  2001215060
=015  \\$aGBB564299$2bnb
=022  \\$a1473-656X$z1535-3834
=035  \\$a(OCoLC)36903841
=037  \\$aISSN_1040872X$bPortico$nLippincott Williams & Wilkins
=040  \\$aOCoLC$cOCoLC$dOCoLC$dNSDP$dOCoLC$dNBuU-H$dOCoLC$dCoU-M$dMiU$dOCoLC$dNSDP$dPPiU-H$dOCoLC$dNBuU$dOCoLC$dUk
=042  \\$aukblsr
=050  \4$aRG1$b.C88
=060  \4$aW1$bCU799GGB
=082  04$a618.005$223
=130  0\$aCurrent opinion in obstetrics and gynecology (Online)
=210  0\$aCurr. opin. obstet. gynecol.$b(Online)
=222  \0$aCurrent opinion in obstetrics and gynecology$b(Online)
=245  10$aCurrent opinion in obstetrics and gynecology$h[electronic resource].
=260  \\$a[Oxford] :$bRapid Science Publishers
=260  3\$3<2000- >:$a[London] :$bLippincott Williams & Wilkins
=310  \\$aBimonthly
=336  \\$atext$2rdacontent
=337  \\$acomputer$2rdamedia
=338  \\$aonline resource$2rdacarrier
=362  1\$aPrint began with v. 1, no. 1 (Oct. 1989).
=530  \\$aAlso issued in print as: Current opinion in obstetrics & gynecology.
=538  \\$aMode of access: World Wide Web.
=588  \\$aDescription based on: Vol. 7, no. 4 (1995); title from journal information screen.
=588  \\$aLatest issue consulted: volume 27, issue 3 (June 2015) (Wolters Kluwer Health, viewed May 19, 2015).
=540  \\$aCurrent copyright fee: GBP32.00$c20\0$5Uk
=650  \0$aObstetrics$vPeriodicals.
=650  \0$aGynecology$vPeriodicals.
=650  \2$aGenital Diseases, Female$vIndexes.
=650  \2$aGenital Diseases, Female$vPeriodicals.
=650  \2$aObstetrics$vIndexes.
=650  \2$aObstetrics$vPeriodicals.
=650  \2$aReview Literature$vPeriodicals.
=776  08$iPrint version:$tCurrent opinion in obstetrics & gynecology$x1040-872X
=856  \\$31850-9999$uhttp://journals.lww.com/pages/default.aspx$xBLDSS
=856  4\$uhttp://firstsearch.oclc.org$zAddress for accessing the journal using authorization number and password through OCLC FirstSearch Electronic Collections Online
=856  4\$uhttp://www.ovid.com$zAddress for accessing the journal through Journals@Ovid
=856  40$uhttp://www.co-obgyn.com
=859  \\$aELD$bejournal
=852  41$aBritish Library$bSTI$jELD Digital store$3Volume 27:Issue 1(2015:Feb.)-
=852  \\$aBritish Library$bDSC$j3500.776200$3Volume 33:Issue 1(2021)-
=945  \\$aCurrent opinion in obstetrics and gynecology.
=959  \\$fCurrently received
=985  \\$aISSN responsibility transferred to U.S. Center (Richard, 22/06/21)
=CAT  \\$aCONV$b00$c20040425$lBLL90$h0850
=CAT  \\$aCONV$b00$c20040502$lBLL01$h1434
=CAT  \\$aglobal_upd$b40$c20060417$lBLL01$h1819
=CAT  \\$a6537$b40$c20080313$lBLL01$h0806
=CAT  \\$aBATCH$b00$c20091210$lBLL01$h0504
=CAT  \\$aBATCH$b00$c20091214$lBLL01$h0707
=CAT  \\$a11316$b40$c20150515$lBLL01$h1357
=CAT  \\$a8411$b40$c20150518$lBLL01$h0934
=CAT  \\$a11316$b40$c20150519$lBLL01$h1332
=CAT  \\$aBATCH-CLA$b00$c20150529$lBLL01$h1529
=CAT  \\$aIPL-CLA$c20150630$lBLL01$h1640
=CAT  \\$a5552$b40$c20160122$lBLL01$h1215
=CAT  \\$aBLDSS-3PM$b00$c20160201$lBLL01$h1812
=CAT  \\$aBATCH-UPD$b00$c20160217$lBLL01$h1711
=CAT  \\$aWR16_048$c20160322$lBLL01$h1613
=CAT  \\$aIPL-CLA$c20160331$lBLL01$h1715
=CAT  \\$aBATCH-UPD$b00$c20160413$lBLL01$h1813
=CAT  \\$aBATCH-UPD$b00$c20160524$lBLL01$h2155
=CAT  \\$aBATCH-UPD$b00$c20160524$lBLL01$h2240
=CAT  \\$a5552$b40$c20170127$lBLL01$h1536
=CAT  \\$aW1711-1005$c20171206$lBLL01$h1814
=CAT  \\$a12654$b40$c20210324$lBLL01$h0854
=CAT  \\$a10806$b40$c20210622$lBLL01$h1048
=CAT  \\$a10806$b40$c20210622$lBLL01$h1053
=CAT  \\$a10806$b40$c20210624$lBLL01$h0725
=CFI  0\$aCurrent copyright fee: GBP32.00$c20\0$e01-apr-2016$fGBP32.00$g0$hP$5Uk
=CFI  2\$aPrevious copyright fee: GBP30.32$c20\0$e19-jan-2016$fGBP30.32$g0$hP$5Uk
=FFP  \\$aY$bBLDSS-3PM
=FIN  \\$aY
=LEO  \\$aMP22.0000066501
=LET  \0$aCurrent opinion in obstetrics and gynecology (Electronic)
=LKR  \\$aPAR$b008909506$lBLL01$nCurrent opinion in obstetrics and gynecology (Print)$mCurrent opinion in obstetrics and gynecology (Online)$r776
=MNI  \\$a1040-872X
=SRC  \\$aISN01$bbibmp22.200404.2.aa
=SRC  \\$aBLL02
=TCO  \\$aCLA$bCLA$c008
=TOC  \\$aETOC
=UNO  \\$aY
=LAS  \\$a10806$b40$c20210624$lBLL01$h0725

