=LDR  04055cas a2200961 i 4500
=001  011459818
=003  Uk
=005  20210324094817.0
=006  m\\\\\\\\d\|\\\\\\
=007  cr||||||||||||
=008  010305c19889999enkbr\p\s\\\\\0\\\a0eng\\
=FMT  \\$a  SE
=015  \\$aGBB569051$2bnb
=022  0\$a1473-6578$y0951-7367$z1535-3826
=037  \\$aISSN_09517367$bPortico$nLippincott Williams & Wilkins
=040  \\$aUk$beng$cUk$dUk$erda
=042  \\$aukblsr
=082  04$a616.89005$223
=210  0\$aCurr. opin. psychiatr.$b(Online)
=222  \0$aCurrent opinion in psychiatry$b(Online)
=245  00$aCurrent opinion in psychiatry.
=264  \1$aLondon :$bGower Academic Journals,$c1988-
=264  21$aHagerstown ;$aLondon :$bLippincott Williams & Wilkins
=264  21$a[London] :$bWolters Kluwer/ Lippincott Williams & Wilkins
=264  31$3<2015>-$aLondon :$bWolters Kluwer Health
=310  \\$aBimonthly
=336  \\$atext$2rdacontent
=337  \\$acomputer$2rdamedia
=338  \\$aonline resource$2rdacarrier
=500  \\$aPublished in association with the American Psychiatric Press.
=500  \\$aImprint varies: London, UK : Current Science, Ltd., <Feb. 1992->
=588  \\$aDescription based on print version record.
=588  \\$aLatest issue consulted: Volume 28, issue 4 (July 2015) (Publishers's website, viewed June 2, 2015).
=540  \\$aCurrent copyright fee: GBP32.00$c20\0$5Uk
=650  \0$aPsychiatry$vPeriodicals.
=776  08$iAlso issued in print as:$tCurrent opinion in psychiatry$x0951-7367
=856  \\$31850-9999$uhttp://journals.lww.com/pages/default.aspx$xBLDSS
=856  40$uhttp://journals.lww.com/co-psychiatry/pages/default.aspx
=856  40$uhttp://www.lww.com/webapp/wcs/stores/servlet/product_Current-Opinion-in-Psychiatry-Online_11851_-1_9012052_Prod-14736578$zTo subscribe
=859  \\$aELD$bejournal
=852  41$aBritish Library$bHMNTS$jELD Digital store$3Volume 28:Issue 1(2015:Jan.)-
=852  \\$aBritish Library$bDSC$j3500.777000$3Volume 34:Issue 2(2021)-
=945  \\$aCurrent opinion in psychiatry.
=959  \\$fCurrently received
=985  \\$aISSN responsibility transferred to US ISSN Centre from ISSN UK Centre, 24.04.2012
=CAT  \\$aCONV$b00$c20040425$lBLL90$h0850
=CAT  \\$aBATCH$b00$c20091210$lBLL01$h0504
=CAT  \\$aBATCH$b00$c20091214$lBLL01$h0707
=CAT  \\$a10806$b40$c20120110$lBLL01$h1527
=CAT  \\$a11313$b40$c20120420$lBLL01$h1256
=CAT  \\$a11313$b40$c20120423$lBLL01$h1303
=CAT  \\$a11313$b40$c20120423$lBLL01$h1327
=CAT  \\$a11313$b40$c20120423$lBLL01$h1330
=CAT  \\$a11313$b40$c20120424$lBLL01$h0811
=CAT  \\$a8411$b40$c20150518$lBLL01$h1153
=CAT  \\$a8124$b40$c20150602$lBLL01$h1118
=CAT  \\$a8124$b40$c20150602$lBLL01$h1120
=CAT  \\$a8124$b40$c20150602$lBLL01$h1143
=CAT  \\$a8124$b40$c20150602$lBLL01$h1156
=CAT  \\$aBATCH-UPD$b40$c20150822$lBLL01$h0402
=CAT  \\$a5552$b40$c20160122$lBLL01$h1215
=CAT  \\$aBLDSS-3PM$b00$c20160201$lBLL01$h1812
=CAT  \\$aBATCH-UPD$b00$c20160217$lBLL01$h1711
=CAT  \\$aWR16_048$c20160322$lBLL01$h1613
=CAT  \\$aIPL-CLA$c20160331$lBLL01$h1715
=CAT  \\$aBATCH-UPD$b00$c20160413$lBLL01$h1813
=CAT  \\$aBATCH-UPD$b00$c20160519$lBLL01$h1409
=CAT  \\$aBATCH-UPD$b00$c20160524$lBLL01$h2155
=CAT  \\$a5552$b40$c20170127$lBLL01$h1544
=CAT  \\$aW1711-1005$c20171206$lBLL01$h1814
=CAT  \\$a12654$b40$c20210324$lBLL01$h0948
=CFI  0\$aCurrent copyright fee: GBP32.00$c20\0$e01-apr-2016$fGBP32.00$g0$hP$5Uk
=CFI  2\$aPrevious copyright fee: GBP30.32$c20\0$e19-jan-2016$fGBP30.32$g0$hP$5Uk
=FFP  \\$aY$bBLDSS-3PM
=FIN  \\$aY
=LEO  \\$aMP22.0000066502
=LKR  \\$aPAR$b011818691$lBLL01$nCurrent opinion in psychiatry (Print)$mCurrent opinion in psychiatry (Online)$r776
=MNI  \\$a0951-7367
=SRC  \\$aISN01$bbibmp22.200404.2.aa
=TCO  \\$aCLA$bCLA$c008
=TOC  \\$aETOC
=UNO  \\$aY
=LAS  \\$a12654$b40$c20210324$lBLL01$h0948

