=LDR  04842cas a2201021 i 4500
=001  016323948
=003  Uk
=005  20230415130139.0
=006  m\\\\\|\\d\|\\\\\\
=007  cr\|||||||||||
=008  130422c20079999enktr\p\o\\\\\0\\\a0eng\\
=FMT  \\$a  SE
=022  \\$a1935-7400$y1935-7397
=037  3\$aISSN_19357397_21$bPortico$nTaylor & Francis
=037  \\$aISSN_19357397$bPortico$nManey Publishing
=040  \\$aUk$beng$cUk$erda
=042  \\$aukblsr
=082  04$a796.04305$223
=222  \0$aJournal for the study of sports and athletes in education$b(Online)
=245  00$aJournal for the study of sports & athletes in education.
=246  3\$aJournal for the study of sports and athletes in education
=264  \1$a[Leeds] :$bManey Publishing
=264  31$32016-$a[London?] :$bRoutledge, Taylor & Francis Group
=310  \\$aThree times a year
=336  \\$atext$2rdacontent
=337  \\$acomputer$2rdamedia
=338  \\$aonline resource$2rdacarrier
=362  0\$aVolume 1, number 1 (Spring 2007)-
=500  \\$aTitle from journal homepage (IngentaConnect, viewed May 1, 2013).
=588  \\$aLatest issue consulted: volume 11, issue 2 (2017) (Taylor & Francis Online, viewed August 31, 2017).
=540  \\$aCurrent copyright fee: GBP37.00$c2\0$5Uk
=650  \0$aAthletes$xEducation (Higher)$vPeriodicals.
=650  \0$aCollege sports$zUnited States$vPeriodicals.
=650  \0$aCollege athletes$xEducation$vPeriodicals.
=650  \0$aSports$vPeriodicals.
=776  08$iAlso issued in print as:$tJournal for the study of sports and athletes in education$x1935-7397
=859  \\$aELD$bejournal
=856  \\$31850-9999$uhttp://www.tandfonline.com/$xBLDSS
=856  4\$uhttp://www.ingentaconnect.com/content/maney/ssa$zLink no longer valid
=856  40$uhttp://www.tandfonline.com/toc/yssa20/current
=852  \\$aBritish Library$bDSC$j5066.928550$3Volume 10:Issue 1(2016)-Volume 11:Issue 3(2017)***See ESTAR for full holdings.
=852  41$aBritish Library$bHMNTS$jELD Digital store$3Volume 7:Issue 1(2013:Apr.)-
=959  \\$fHeld but not currently received
=979  \\$aBritish Library$bDSC$j5066.928550
=985  \\$aISSN note: responsibility for ISSN transferred to UK ISSN Centre from US ISSN Center, 23.05.13
=985  \\$aISSN responsibility transferred back to U.S. Center (Richard, 31/08/17)
=CAT  \\$a8411$b40$c20130422$lBLL01$h1444
=CAT  \\$aIPL-CLA$c20151231$lBLL01$h1935
=CAT  \\$aBLDSS-3PM$b00$c20160108$lBLL01$h1820
=CAT  \\$a14448$b40$c20160205$lBLL01$h1131
=CAT  \\$a12654$b40$c20160225$lBLL01$h0945
=CAT  \\$aBATCH-UPD$b40$c20160413$lBLL01$h1826
=CAT  \\$a11433$b40$c20160415$lBLL01$h1722
=CAT  \\$aBATCH-UPD$b40$c20160620$lBLL01$h0226
=CAT  \\$aBATCH-UPD$b40$c20161122$lBLL01$h1515
=CAT  \\$aIPL-CLA$c20161231$lBLL01$h0010
=CAT  \\$a10806$b40$c20170831$lBLL01$h0946
=CAT  \\$a10806$b40$c20170831$lBLL01$h0947
=CAT  \\$a10806$b40$c20170831$lBLL01$h1549
=CAT  \\$aBATCH-UPD$b40$c20171121$lBLL01$h1650
=CAT  \\$aW1711-1005$c20171206$lBLL01$h1825
=CAT  \\$aIPL-CLA$c20171231$lBLL01$h1818
=CAT  \\$aBATCH-UPD$b00$c20181217$lBLL01$h1640
=CAT  \\$aIPL-CLA$c20181231$lBLL01$h1552
=CAT  \\$aW1811-111$c20190203$lBLL01$h0956
=CAT  \\$aBATCH-UPD$b00$c20191122$lBLL01$h1903
=CAT  \\$aIPL-CLA$c20191231$lBLL01$h2034
=CAT  \\$aBATCH-UPD$b00$c20201118$lBLL01$h1336
=CAT  \\$aIPL-CLA$c20201231$lBLL01$h1532
=CAT  \\$aBATCH-UPD$b00$c20221121$lBLL01$h1349
=CAT  \\$aIPL-CLA$c20221231$lBLL01$h1451
=CAT  \\$a5410$b40$c20230415$lBLL01$h1301
=CFI  0\$aCurrent copyright fee: GBP37.00$c2\0$e01-jan-2023$fGBP37.00$g0$hP$5Uk
=CFI  2\$aPrevious copyright fee: GBP35.00$c2\0$e01-jan-2021$fGBP35.00$g0$hP$5Uk
=FFP  \\$aY$bBLDSS-3PM
=FIN  \\$aY$d20130501
=LET  \0$aJournal for the study of sports and athletes in education (Electronic)
=LKR  \\$aPAR$b014704001$lBLL01$r77608$mJournal for the study of sports and athletes in education (Online)$nJournal for the study of sports and athletes in education (Print)
=MNI  \\$a1935-7397
=TOC  \\$aETOC
=ACF  \\$aPrevious copyright fee: GBP34.00$c47\0$e01-jan-2016$fGBP34.00$g0$hP$5Uk
=ACF  \\$aBritish Library not licensed to copy$c0$e01-jul-2013$hC$iCFP Excluded$5Uk
=ACF  \\$aPrevious copyright fee: GBP26.00$c2\0$e25-feb-2016$fGBP26.00$g0$hP$5Uk
=ACF  \\$aPrevious copyright fee: GBP28.00$c2\0$e01-jan-2017$fGBP28.00$g0$hP$5Uk
=ACF  \\$aPrevious copyright fee: GBP30.00$c2\0$e01-jan-2018$fGBP30.00$g0$hP$5Uk
=ACF  \\$aPrevious copyright fee: GBP32.00$c2\0$e01-jan-2019$fGBP32.00$g0$hP$5Uk
=ACF  \\$aPrevious copyright fee: GBP34.00$c2\0$e01-jan-2020$fGBP34.00$g0$hP$5Uk
=LAS  \\$a5410$b40$c20230415$lBLL01$h1301

