=LDR  05412cas a2201129 a 4500
=001  017657828
=003  Uk
=005  20230422113055.0
=006  m\\\\\|\\d\|\\\\\\
=007  cr\|||||||||||
=008  990504c19989999enkqr\p\o\\\\\0\\\a0eng\\
=FMT  \\$a  SE
=010  \\$a  2004261111
=015  \\$aGBB611934$2bnb
=022  \\$a2204-2261$l1328-7982$y1328-7982
=035  \\$a(OCoLC)650157811
=037  \\$aISSN_13287982_21$bPortico$nTaylor & Francis
=040  \\$aNz$beng$cZ5A$dOCLCO$dOCLCQ$dOCLCO$dUk
=050  14$aTA1$b.C4543
=082  04$a624.1$223
=130  0\$aAustralian journal of structural engineering (Online)
=222  \0$aAustralian journal of structural engineering$b(Online)
=245  10$aAustralian journal of structural engineering$h[electronic resource] /$cthe Institution of Engineers, Australia.
=260  \\$aBarton, ACT :$bInstitution of Engineers, Australia
=260  2\$32003-2014$a[Crow's Nest] :$bEngineers Media for Engineers Australia
=264  31$32015-$a[Abingdon] :$bTaylor & Francis
=300  \\$billustrations (black and white, and colour)
=310  \\$aQuarterly,$b2014-
=321  \\$aThree times a year,$b2011-2013
=321  \\$aQuarterly,$b2009-2010
=321  \\$aFrequency varies,$b2005-2008
=321  \\$aSemiannual,$b2003-2004
=321  \\$aThree times a year,$b-2002
=336  \\$atext$2rdacontent
=337  \\$acomputer$2rdamedia
=338  \\$aonline resource$2rdacarrier
=362  1\$aPrint began with: Vol. 1, no. 1 (1998).
=515  \\$aSome issues combined.
=550  \\$a"An Engineers Australia journal."
=580  \\$aOriginal print version of this title was preceded by an earlier title: Australian civil/structural engineering transactions.
=588  \\$aLatest issue consulted: volume 16, number 4 (2015) (Taylor & Francis Online, viewed January 22, 2016).
=540  \\$aCurrent copyright fee: GBP43.00$c2\0$5Uk
=650  \0$aStructural engineering$vPeriodicals.
=650  \0$aStructural engineering$zAustralia$vPeriodicals.
=655  \0$aElectronic journals.
=710  2\$aInstitution of Engineers Australia.
=776  08$iAlso issued in print as:$tAustralian journal of structural engineering$x1328-7982
=859  \\$aELD$bejournal
=856  \\$31850-9999$uhttp://www.tandfonline.com/$xBLDSS
=856  40$uhttp://helicon.vuw.ac.nz/login?url=http://infotrac.galegroup.com/itw/infomark/1/1/1/purl=rc18%5fAONE%5F0%5F%5Fjn+%22Australian+Journal+of+Structural+Engineering%22?sw_aep=vuw$zFull text available from Academic OneFile: 01/09/2009 to present
=856  40$uhttp://helicon.vuw.ac.nz/login?url=http://search.informit.com.au/browseJournalTitle;res=IELENG;issn=1328-7982$zFull text available from Informit Engineering Collection: 2002 to 2 months ago
=856  40$uhttp://www.tandfonline.com/toc/tsen20/current
=852  \\$aBritish Library$bDSC$j1812.750000$3Volume 17:Issue 1(2016)-Volume 18:Issue 4(2017)***See ESTAR for full holdings.
=852  41$aBritish Library$bHMNTS$jELD Digital store$3Volume 16:Issue 1(2015)-***Previous issues available in print copy
=945  \\$aAustralian Journal of Structural Engineering
=959  \\$fHeld but not currently received
=979  \\$aBritish Library$bDSC$j1812.750000
=CAT  \\$a8464$b40$c20151209$lBLL01$h1547
=CAT  \\$a8323$b40$c20160122$lBLL01$h1025
=CAT  \\$a8037$b40$c20160122$lBLL01$h1108
=CAT  \\$a12654$b40$c20160223$lBLL01$h1334
=CAT  \\$a12654$b40$c20160229$lBLL01$h1352
=CAT  \\$a5552$b40$c20160229$lBLL01$h1448
=CAT  \\$aBLDSS-3PM$b00$c20160302$lBLL01$h1647
=CAT  \\$aIPL-CLA$c20160331$lBLL01$h1821
=CAT  \\$aBATCH-UPD$b00$c20160413$lBLL01$h1829
=CAT  \\$aBATCH-UPD$b00$c20160620$lBLL01$h0230
=CAT  \\$aBATCH-UPD$b00$c20161122$lBLL01$h1507
=CAT  \\$aIPL-CLA$c20161231$lBLL01$h0024
=CAT  \\$aBATCH-UPD$b00$c20171121$lBLL01$h1656
=CAT  \\$aW1711-1005$c20171206$lBLL01$h1828
=CAT  \\$aIPL-CLA$c20171231$lBLL01$h1830
=CAT  \\$aBATCH-UPD$b00$c20181217$lBLL01$h1646
=CAT  \\$aIPL-CLA$c20181231$lBLL01$h1555
=CAT  \\$aW1811-111$c20190203$lBLL01$h0956
=CAT  \\$aBATCH-UPD$b00$c20191122$lBLL01$h1908
=CAT  \\$aIPL-CLA$c20191231$lBLL01$h2042
=CAT  \\$aBATCH-UPD$b00$c20201118$lBLL01$h1342
=CAT  \\$aIPL-CLA$c20201231$lBLL01$h1533
=CAT  \\$aBATCH-UPD$b00$c20221121$lBLL01$h1341
=CAT  \\$aIPL-CLA$c20221231$lBLL01$h1453
=CAT  \\$a5410$b40$c20230422$lBLL01$h1130
=CFI  0\$aCurrent copyright fee: GBP43.00$c2\0$e01-jan-2023$fGBP43.00$g0$hP$5Uk
=CFI  2\$aPrevious copyright fee: GBP41.00$c2\0$e01-jan-2021$fGBP41.00$g0$hP$5Uk
=FFP  \\$aY$bBLDSS-3PM
=FIN  \\$aY$d20160122
=LET  \0$aAustralian journal of structural engineering (Electronic)
=MNI  \\$a1328-7982
=SID  \\$aZ39$bOCLC
=TOC  \\$aETOC
=ACF  \\$aPrevious copyright fee: GBP31.00$c2\0$e23-feb-2016$fGBP31.00$g0$hP$5Uk
=ACF  \\$aPrevious copyright fee: GBP31.00$c2\0$e01-apr-2016$fGBP31.00$g0$hP$5Uk
=ACF  \\$aPrevious copyright fee: GBP33.00$c2\0$e01-jan-2017$fGBP33.00$g0$hP$5Uk
=ACF  \\$aPrevious copyright fee: GBP35.00$c2\0$e01-jan-2018$fGBP35.00$g0$hP$5Uk
=ACF  \\$aPrevious copyright fee: GBP37.00$c2\0$e01-jan-2019$fGBP37.00$g0$hP$5Uk
=ACF  \\$aPrevious copyright fee: GBP39.00$c2\0$e01-jan-2020$fGBP39.00$g0$hP$5Uk
=LAS  \\$a5410$b40$c20230422$lBLL01$h1130

