=LDR  04434cas a2201045 a 4500
=001  018015386
=003  Uk
=005  20230507173511.0
=006  m\\\\\o\\d\\\\\\\\
=007  cr\mnu||||||||
=008  980213c19889999xxuqr\pso\\\\\0\\\a0eng\d
=FMT  \\$a  SE
=015  \\$aGBB730775$2bnb
=022  0\$a2576-8476$y1051-1431
=035  \\$a(OCoLC)38436006
=037  \\$aISSN_25768476$bPortico$nTaylor & Francis
=040  \\$aFGA$beng$cFGA$dOCL$dOCLCQ$dUV0$dOCLCQ$dOCLCF$dOCLCO$dOCLCQ$dUk
=050  \4$aPN4001$b.A46
=082  04$a808.5105$223
=130  0\$aArgumentation and advocacy (Online)
=222  \0$aArgumentation and advocacy$b(Online)
=245  10$aArgumentation and advocacy.
=260  \\$aRiver Falls, WI :$bAmerican Forensic Association
=264  31$a[United States?] :$bRoutledge, Taylor & Francis Group
=310  \\$aQuarterly
=336  \\$atext$2rdacontent
=336  \\$atext$btxt$2rdacontent
=337  \\$acomputer$2rdamedia
=337  \\$acomputer$bc$2rdamedia
=338  \\$aonline resource$2rdacarrier
=338  \\$aonline resource$bcr$2rdacarrier
=362  1\$aPrint began with vol. 25, no. 1 (summer 1988).
=530  \\$aAlso issued in print.
=538  \\$aMode of access: World Wide Web.
=588  0\$aDescription based on: Vol. 30, issue 3 (winter 1994); title from available issues screen (viewed Feb. 12, 1998).
=588  \\$aLatest issue consulted: volume 53, issue 1 (2017) (Taylor & Francis Online, viewed March 6, 2017).
=540  \\$aCurrent copyright fee: GBP37.00$c2\0$5Uk
=650  \0$aForensics (Public speaking)$vPeriodicals.
=650  \7$aForensics (Public speaking)$2fast$0(OCoLC)fst00932028
=655  \7$aPeriodicals.$2fast$0(OCoLC)fst01411641
=710  2\$aAmerican Forensic Association,$eissuing body.
=776  1\$tArgumentation and advocacy$x1051-1431
=859  \\$aELD$bejournal
=856  \\$31850-9999$uhttp://www.tandfonline.com/$xBLDSS
=856  4\$uhttp://www.umi.com/proquest$zAddress for accessing the journal through UMI ProQuest Direct
=856  40$uhttp://www.tandfonline.com/toc/RAFA20/current
=852  \\$aBritish Library$bDSC$j1664.356120$3Volume 53:Issue 1(2017)-Volume 53:Issue 4(2017)
=852  41$aBritish Library$bHMNTS$jELD Digital store$3Volume 52:Number 3(2016)-
=945  \\$aArgumentation and advocacy
=959  \\$fHeld but not currently received
=979  \\$aBritish Library$bDSC$j1664.356120
=CAT  \\$a10983$b40$c20160919$lBLL01$h1121
=CAT  \\$aBATCH-UPD$b00$c20170116$lBLL01$h1617
=CAT  \\$a3072$b40$c20170306$lBLL01$h1508
=CAT  \\$a3072$b40$c20170306$lBLL01$h1510
=CAT  \\$aBATCH-UPD$b40$c20171121$lBLL01$h1651
=CAT  \\$aW1711-1005$c20171206$lBLL01$h1829
=CAT  \\$aIPL-CLA$c20171231$lBLL01$h1833
=CAT  \\$a10983$b40$c20180604$lBLL01$h0934
=CAT  \\$a10983$b40$c20180731$lBLL01$h1134
=CAT  \\$aBATCH-UPD$b40$c20181217$lBLL01$h1641
=CAT  \\$aIPL-CLA$c20181231$lBLL01$h1555
=CAT  \\$aW1811-111$c20190203$lBLL01$h0956
=CAT  \\$a5410$b40$c20190715$lBLL01$h0949
=CAT  \\$a5410$b40$c20190715$lBLL01$h0956
=CAT  \\$a5410$b40$c20190717$lBLL01$h0939
=CAT  \\$a5410$b40$c20190722$lBLL01$h1109
=CAT  \\$a5410$b40$c20190829$lBLL01$h0840
=CAT  \\$aBATCH-UPD$b40$c20191122$lBLL01$h1903
=CAT  \\$aIPL-CLA$c20191231$lBLL01$h2043
=CAT  \\$a8055$b40$c20200812$lBLL01$h1115
=CAT  \\$aBATCH-UPD$b40$c20201118$lBLL01$h1337
=CAT  \\$aIPL-CLA$c20201231$lBLL01$h1534
=CAT  \\$a10973$b40$c20210426$lBLL01$h1411
=CAT  \\$aBATCH-UPD$b40$c20221121$lBLL01$h1350
=CAT  \\$aIPL-CLA$c20221231$lBLL01$h1454
=CAT  \\$a5410$b40$c20230507$lBLL01$h1735
=CFI  0\$aCurrent copyright fee: GBP37.00$c2\0$e01-jan-2023$fGBP37.00$g0$hP$5Uk
=CFI  2\$aPrevious copyright fee: GBP35.00$c2\0$e01-jan-2021$fGBP35.00$g0$hP$5Uk
=FFP  \\$aY$bBLDSS-3PM
=FIN  \\$aY$d20170306
=LET  \0$aArgumentation and advocacy (Electronic)
=MNI  \\$a0002-8533
=SID  \\$aZ39$bOCLC
=TOC  \\$aETOC
=ACF  \\$aPrevious copyright fee: GBP28.00$c2\0$e01-jan-2017$fGBP28.00$g0$hP$5Uk
=ACF  \\$aPrevious copyright fee: GBP30.00$c2\0$e01-jan-2018$fGBP30.00$g0$hP$5Uk
=ACF  \\$aPrevious copyright fee: GBP32.00$c2\0$e01-jan-2019$fGBP32.00$g0$hP$5Uk
=ACF  \\$aPrevious copyright fee: GBP34.00$c2\0$e01-jan-2020$fGBP34.00$g0$hP$5Uk
=LAS  \\$a5410$b40$c20230507$lBLL01$h1735

