=LDR  05424cas a2201177 a 4500
=001  018112012
=003  Uk
=005  20230426111120.0
=006  m\\\\\o\\d\\\\\\\\
=007  cr\cn|||||||||
=008  990612c19699999enkmr\pso\\\\\0\\\a0engdc
=FMT  \\$a  SE
=010  \\$a   00214671 
=015  \\$aGBB7C1208$2bnb
=022  0\$a1529-7268$l0006-3363$202
=035  \\$a(OCoLC)43010987$z(OCoLC)41627166$z(OCoLC)44210065$z(OCoLC)44211763$z(OCoLC)44339492$z(OCoLC)47991596$z(OCoLC)48388898$z(OCoLC)49954105$z(OCoLC)145400775$z(OCoLC)858832673$z(OCoLC)972082514$z(OCoLC)979319773$z(OCoLC)980445895
=037  \\$abiolreprod$bOxford University Press
=037  3\$aISSN_00063363_4$bPortico$nOxford University Press
=040  \\$aIdU$beng$cNTD$dNSD$dOCLCQ$dDLC$dOCLCQ$dSBH$dOCLCQ$dF#A$dVRC$dOCLCQ$dOCLCS$dOCLCQ$dGUA$dEEM$dOCLCQ$dOCLCF$dVT2$dEUW$dOCLCQ$dSCB$dOCLCO$dUk
=042  \\$aukblsr$aissnuk
=050  14$aQP251.A1
=082  10$a571.805$223
=210  0\$aBiol. reprod.$b(Online)
=222  \0$aBiology of reproduction$b(Online)
=245  00$aBiology of reproduction.
=264  \1$aNew York :$bSociety for the Study of Reproduction,$c[1969]-
=264  31$32017-$aOxford, England :$bOxford University Press
=300  \\$a1 online resource.
=310  \\$aMonthly,$b1989-
=321  \\$aFrequency varies,$b1970-1988
=336  \\$atext$2rdacontent
=337  \\$acomputer$2rdamedia
=338  \\$aonline resource$2rdacarrier
=362  1\$aPrint began with: Vol. 1, no. 1 (Apr. 1969).
=500  \\$aTitle from contents screen (Publisher's Web site, viewed Dec. 18, 2006).
=588  \\$aLatest issue consulted: volume 96, issue 3 (March 2017) (Oxford Academic, viewed May 4, 2017).
=525  \\$aSupplements accompany some issues.
=538  \\$aMode of access: World Wide Web.
=540  \\$aCurrent Copyright Fee: GBP32.00$c29\0$5Uk
=650  \0$aReproduction$vPeriodicals.
=650  \2$aBiology.
=650  \2$aReproduction.
=650  \7$aReproduction.$2fast$0(OCoLC)fst01094973
=655  \0$aElectronic journals.
=655  \2$aPeriodicals.
=655  \7$aPeriodicals.$2fast$0(OCoLC)fst01411641
=710  2\$aSociety for the Study of Reproduction.
=776  08$iPrint version:$tBiology of reproduction$x0006-3363
=856  4\$31850-9999$uhttp://www.oxfordjournals.org/$xBLDSS
=859  \\$aELD$bejournal
=856  40$uhttps://academic.oup.com/biolreprod/issue
=856  40$uhttp://www.biolreprod.org/
=856  40$uhttp://www.bioone.org/bioone/?request=get-journals-list&issn=0006-3363$zConnect to Biology of reproduction (Online)
=856  4\$uhttp://firstsearch.oclc.org$zAddress for accessing the journal using authorization number and password through OCLC FirstSearch Electronic Collections Online
=856  4\$uhttp://firstsearch.oclc.org/journal=0006-3363;screen=info;ECOIP$zAddress for accessing the journal from an authorized IP address through OCLC FirstSearch Electronic Collections Online
=852  \\$aBritish Library$bDSC$j2087.220000
=852  41$aBritish Library$bHMNTS$jELD Digital store$3Volume 90:Issue 1(2014)-
=945  \\$aBiology of Reproduction.
=959  \\$fCurrently available
=979  \\$aBritish Library$bDSC$j2087.220000
=985  \\$aISSN responsibility transferred from U.S. to UK (12/12/17)
=CAT  \\$a8311$b40$c20161121$lBLL01$h1308
=CAT  \\$a8124$b40$c20170504$lBLL01$h1501
=CAT  \\$a8124$b40$c20170504$lBLL01$h1528
=CAT  \\$a12654$b40$c20170608$lBLL01$h1418
=CAT  \\$a10806$b40$c20170714$lBLL01$h1335
=CAT  \\$a10806$b40$c20170714$lBLL01$h1336
=CAT  \\$aBATCH-UPD$b40$c20171121$lBLL01$h1705
=CAT  \\$aW1711-1005$c20171206$lBLL01$h1829
=CAT  \\$a10806$b40$c20171212$lBLL01$h1037
=CAT  \\$aIPL-CLA$c20171231$lBLL01$h1833
=CAT  \\$aBATCH-UPD$b00$c20181217$lBLL01$h1653
=CAT  \\$aIPL-CLA$c20181231$lBLL01$h1555
=CAT  \\$aW1910-0530$c20191007$lBLL01$h1114
=CAT  \\$aR1911-1518$c20191206$lBLL01$h1419
=CAT  \\$aIPL-CLA$c20191231$lBLL01$h2043
=CAT  \\$a12654$b40$c20210426$lBLL01$h0759
=CAT  \\$aBATCH-UPD$b40$c20220308$lBLL01$h1736
=CAT  \\$aIPL-CLA$c20220331$lBLL01$h1953
=CAT  \\$a12654$b40$c20230116$lBLL01$h0905
=CAT  \\$a12654$b40$c20230116$lBLL01$h0907
=CAT  \\$aS2302-1302$c20230322$lBLL01$h1707
=CAT  \\$aS2302-1302$c20230322$lBLL01$h1708
=CAT  \\$aS2302-1302$c20230323$lBLL01$h1443
=CAT  \\$aIPL-CLA$c20230331$lBLL01$h1547
=CAT  \\$aS2304-0519$c20230412$lBLL01$h1141
=CAT  \\$aBATCH-SUPP$c20230426$lBLL01$h1111
=CFI  0\$aCurrent Copyright Fee: GBP32.00$c29\0$e01-apr-2023$fGBP32.00$g0$hP$5Uk
=CFI  2\$aPrevious copyright fee: GBP22.00$c29\0$e01-apr-2022$fGBP22.00$g0$hP$5Uk
=FFP  \\$aY$bBLDSS-3PM
=FIN  \\$aY$d20170504
=LET  \0$aBiology of reproduction (Electronic)
=LKR  \\$aPAR$b011101556$lBLL01$r776$mBiology of reproduction (Online)$nBiology of reproduction (Print)
=MNI  \\$a0006-3363
=SID  \\$aZ39$bOCLC
=UNO  \\$aY
=ACF  \\$aPrevious copyright fee: GBP26.00$c29\0$e01-jan-2017$fGBP26.00$g0$hP$5Uk
=ACF  \\$aPrevious copyright fee: GBP27.00$c29\0$e01-jan-2018$fGBP27.00$g0$hP$5Uk
=ACF  \\$aPrevious copyright fee: GBP28.00$c29\0$e01-jan-2019$fGBP28.00$g0$hP$5Uk
=ACF  \\$aPrevious Copyright Fee: GBP20.00$c29\0$e01-jan-2020$fGBP20.00$g0$hP$5Uk
=LAS  \\$aBATCH-SUPP$b00$c20230426$lBLL01$h1111

