=LDR  03401cas a2200829 i 4500
=001  018192830
=003  Uk
=005  20220723203942.0
=006  m\\\\\o\\d\\\\\\\\
=007  cr\|||||||||||
=008  151221c20139999xxuqr\p\o\\\\\0\\\a0eng\\
=FMT  \\$a  SE
=010  \\$a  2015200702
=015  \\$aGBB7F4161$2bnb
=022  \\$a2470-1122
=035  \\$a(OCoLC)933250366
=037  \\$aISSN_24701122$bPortico$nLippincott Williams & Wilkins
=040  \\$aDLC$beng$cDLC$dDLC$dMYG$dOCLCF$dUk$erda
=042  \\$ansdp$apcc$aukblsr
=050  10$aISSN RECORD
=050  14$aRD701
=082  10$a616.7$223
=210  0\$aJ. orthop. physician assist.
=222  \0$aJournal of orthopedics for physician assistants
=245  00$aJournal of orthopedics for physician assistants.
=246  1\$iIssues for Spring 2016- have title:$aJBJS journal of orthopaedics for physician assistants
=246  1\$aJOPA
=264  \1$aManchester, NH :$bOrthopedic Publishing Resources,$c2013-
=264  31$a[United States] :$b[Lippincott Williams & Wilkins]
=310  \\$aQuarterly
=336  \\$atext$2rdacontent
=337  \\$acomputer$2rdamedia
=338  \\$aonline resource$2rdacarrier
=362  1\$aBegan with: Volume 1, issue 1 (Spring 2013).
=500  \\$aA journal created for physician assistants in orthopedics.
=540  \\$aCurrent copyright fee: GBP32.00$c20\0$5Uk
=588  \\$aDescription based on: Volume 1, issue 1 (Spring 2013); title from PDF cover (Ovid, viewed Feb. 8, 2017).
=588  \\$aLatest issue consulted: Volume 5, issue 2 (April/June 2017) (www.journals.lww.com, viewed September 1, 2017).
=650  \0$aOrthopedics$vPeriodicals.
=650  \0$aOrthopedic surgery$vPeriodicals.
=650  \7$aOrthopedic surgery.$2fast$0(OCoLC)fst01048559
=650  \7$aOrthopedics.$2fast$0(OCoLC)fst01048565
=655  \7$aPeriodicals.$2fast$0(OCoLC)fst01411641
=859  \\$aELD$bejournal
=856  \\$31850-9999$uhttp://journals.lww.com/pages/default.aspx$xBLDSS
=856  4\$uhttp://thejopa.org/?page_id=160$zLink no longer valid as of Feb. 8, 2017
=856  40$uhttp://journals.lww.com/jbjsjopa/pages/default.aspx
=856  40$uhttp://ovidsp.ovid.com/ovidweb.cgi?T=JS&NEWS=n&CSC=Y&PAGE=toc&D=yrovft&AN=01932788-000000000-00000
=852  41$aBritish Library$bHMNTS$jELD Digital store$3Volume 3:Issue 1(2015)-
=852  \\$aBritish Library$bDSC$j4663.437660$3Volume 9:Issue 1(2021)-
=945  \\$aJournal of orthopedics for physician assistants
=959  \\$fCurrently received
=CAT  \\$a11433$b40$c20170128$lBLL01$h0855
=CAT  \\$a11433$b40$c20170128$lBLL01$h0913
=CAT  \\$a10983$b40$c20170406$lBLL01$h1436
=CAT  \\$a10983$b40$c20170726$lBLL01$h1013
=CAT  \\$a10806$b40$c20170901$lBLL01$h1305
=CAT  \\$aW1711-1005$c20171206$lBLL01$h1830
=CAT  \\$a12654$b40$c20210506$lBLL01$h0935
=CAT  \\$a8055$b40$c20210813$lBLL01$h1208
=CAT  \\$aBLDSS-3PM$b00$c20210817$lBLL01$h0856
=CAT  \\$aBATCH-UPD$b00$c20210817$lBLL01$h0909
=CAT  \\$aBATCH-UNOA$c20210818$lBLL01$h0042
=CAT  \\$a5410$b40$c20220715$lBLL01$h1008
=CAT  \\$a5410$b40$c20220723$lBLL01$h2039
=CFI  0\$aCurrent copyright fee: GBP32.00$c20\0$e13-aug-2021$fGBP32.00$g0$hP$5Uk
=FFP  \\$aY$bBLDSS-3PM
=FIN  \\$aY$d20170901
=SID  \\$aZ39$bOCLC
=TOC  \\$aETOC
=UNO  \\$aY
=LAS  \\$a5410$b40$c20220723$lBLL01$h2039

