=LDR  04047cas a2200973 i 4500
=001  018192832
=003  Uk
=005  20210421093934.0
=006  m\\\\\o\\d\\\\\\\\
=007  cr\|||||||||||
=008  991124c19989999xxubr\pso\\\\\0\\\a0eng\c
=FMT  \\$a  SE
=010  \\$a  2008202650
=015  \\$aGBB7F4153$2bnb
=022  \\$a1944-7396
=035  \\$a(OCoLC)42883903$z(OCoLC)39061955$z(OCoLC)858836658
=037  \\$aISSN_10969012$bPortico$nLippincott Williams & Wilkins
=040  \\$aUV$beng$cUV$dOCL$dUV$dOCLCQ$dFQM$dOCLCQ$dNSD$dDLC$dOCLCQ$dOCLCF$dOCLCO$dVT2$dOCLCQ$dOCLCO$dOCLCQ$dUk
=042  \\$apcc$ansdp$aukblsr
=050  10$aISSN RECORD
=050  14$aRA960$b.A42
=060  \4$aINTERNET
=082  10$a362.1068$223
=130  0\$aJournal of healthcare management (Online)
=210  0\$aJ. healthc. manag.$b(Online)
=222  \0$aJournal of healthcare management$b(Online)
=245  10$aJournal of healthcare management /$cAmerican College of Healthcare Executives.
=260  \\$aChicago, IL :$bFoundation of the American College of Healthcare Executives
=264  31$a[Philadelphia] :$bLippincott Williams & Wilkins
=310  \\$aBimonthly
=336  \\$atext$2rdacontent
=337  \\$acomputer$2rdamedia
=338  \\$aonline resource$2rdacarrier
=362  0\$aVol. 43, no. 1 (Jan./Feb. 1998)-
=530  \\$aAlso issued in print.
=538  \\$aMode of access: World Wide Web.
=540  \\$aCurrent copyright fee: GBP32.00$c20\0$5Uk
=588  \\$aDescription based on web page information screen (viewed June 18, 2001).
=588  \\$aLatest issue consulted: volume 62, issue 4 (July/August 2017) (viewed September 1, 2017).
=650  \0$aHospitals$xAdministration$vPeriodicals.
=650  \0$aHealth services administration$vPeriodicals.
=650  \2$aHospital Administration.
=650  \2$aHospitals.
=650  \2$aDelivery of Health Care.
=650  \2$aHospital Services Administration.
=650  \7$aHealth services administration.$2fast$0(OCoLC)fst00953286
=650  \7$aHospitals$xAdministration.$2fast$0(OCoLC)fst00961176
=655  \0$aElectronic journals.
=655  \2$aPeriodicals.
=655  \7$aPeriodicals.$2fast$0(OCoLC)fst01411641
=690  7\$aSocial Welfare$2blcoll
=710  2\$aAmerican College of Healthcare Executives.$bFoundation.
=776  1\$tJournal of healthcare management$x1096-9012$hmicrofilm
=776  1\$tJournal of healthcare management$x1096-9012
=780  00$tHospital & health services administration (Online)
=859  \\$aELD$bejournal
=856  \\$31850-9999$uhttp://journals.lww.com/pages/default.aspx$xBLDSS
=856  4\$uhttp://proquest.umi.com/pqdweb?RQT=407&TS=992892704
=856  4\$uhttp://www.ache.org/pubs/jhmsub.cfm
=856  40$uhttp://journals.lww.com/jhmonline/Pages/issuelist.aspx
=856  40$uhttp://www.searchbank.com/searchbank/lcml$zJournal of healthcare management$kRequires password.$zAffiliated users, call 305-243-6648.
=852  41$aBritish Library$bHMNTS$jELD Digital store$3Volume 60:Issue 1(2015)-
=852  \\$aBritish Library$bDSC$j4996.870900$3Volume 67:Issue 2(2022)-
=945  \\$aJournal of healthcare management.
=959  \\$fCurrently received
=CAT  \\$a11433$b40$c20170128$lBLL01$h0928
=CAT  \\$a10983$b40$c20170406$lBLL01$h1437
=CAT  \\$a10983$b40$c20170726$lBLL01$h1007
=CAT  \\$a10806$b40$c20170901$lBLL01$h0941
=CAT  \\$a10806$b40$c20170901$lBLL01$h0943
=CAT  \\$aBATCH-SWP$c20170908$lBLL01$h2215
=CAT  \\$aW1711-1005$c20171206$lBLL01$h1830
=CAT  \\$a5552$b40$c20180622$lBLL01$h1216
=CAT  \\$aBLDSS-3PM$b00$c20180625$lBLL01$h1602
=CAT  \\$aBATCH-UPD$b00$c20180625$lBLL01$h1603
=CAT  \\$a12654$b40$c20210421$lBLL01$h0924
=CAT  \\$a12654$b40$c20210421$lBLL01$h0939
=CFI  0\$aCurrent copyright fee: GBP32.00$c20\0$e22-jun-2018$fGBP32.00$g0$hP$5Uk
=FFP  \\$aY$bBLDSS-3PM
=FIN  \\$aY$d20170901
=MNI  \\$a1096-9012
=SID  \\$aZ39$bOCLC
=UNO  \\$aY
=LAS  \\$a12654$b40$c20210421$lBLL01$h0939

