=LDR  04212cas a2200949 a 4500
=001  017368300
=003  Uk
=005  20230206141212.0
=006  m\\\\\o\\d\\\\\\\\
=007  cr\|||||||||||
=008  970514c19uu9999enkbr\pso\\\\\0\\\a0eng\c
=FMT  \\$a  SE
=010  \\$a   00212780 
=015  \\$aGBB581984$2bnb
=022  \\$a1531-7080
=035  \\$a(OCoLC)36903078
=037  \\$aISSN_02684705$bPortico$nLippincott Williams & Wilkins
=040  \\$aF#A$beng$cF#A$dOCL$dNSD$dOCLCQ$dMXC$dOCLCQ$dMYG$dOCLCQ$dOCLCF$dOCLCO$dUk
=042  \\$ansdp$aukblsr
=050  \4$aRC681.A1
=082  04$a616.12$223
=130  0\$aCurrent opinion in cardiology (Online)
=210  0\$aCurr. opin. cardiol.$b(Online)
=222  \0$aCurrent opinion in cardiology$b(Online)
=245  10$aCurrent opinion in cardiology$h[electronic resource].
=260  \\$a[Oxford] :$bRapid Science Publishers
=260  2\$aPhiladelphia, PA :$bLippincott-Raven Publishers
=264  31$a[Philadelphia, PA] :$bWolters Kluwer Health
=310  \\$aBimonthly
=336  \\$atext$2rdacontent
=337  \\$acomputer$2rdamedia
=338  \\$aonline resource$2rdacarrier
=588  \\$aDescription based on: Vol. 10, no. 1 (1995); title from journal information screen.
=588  \\$aLatest issue consulted:volume 30, issue 4 (July 2015) (Wolters Kluwer, viewed June 24, 2015).
=540  \\$aCurrent copyright fee: GBP32.00$c20\0$5Uk
=650  \0$aCardiology$vPeriodicals.
=650  \2$aCardiology$vPeriodicals.
=650  \2$aHeart Diseases$vPeriodicals.
=650  \7$aCardiology.$2fast$0(OCoLC)fst00847121
=655  \7$aPeriodicals.$2fast$0(OCoLC)fst01411641
=776  08$iAlso issued in print as:$tCurrent opinion in cardiology$x0268-4705
=859  \\$aELD$bejournal
=856  \\$31850-9999$uhttp://journals.lww.com/pages/default.aspx$xBLDSS
=856  4\$uhttp://firstsearch.oclc.org$zAddress for accessing the journal using authorization number and password through OCLC FirstSearch Electronic Collections Online
=856  4\$uhttp://firstsearch.oclc.org/journal=0268-4705;screen=info;ECOIP$zAddress for accessing the journal from an authorized IP address through OCLC FirstSearch Electronic Collections Online
=856  4\$uhttp://www.co-cardiology.com
=856  40$uhttp://journals.lww.com/co-cardiology/pages/default.aspx
=856  40$uhttp://ovidsp.ovid.com/ovidweb.cgi?T=JS&NEWS=n&CSC=Y&PAGE=toc&D=yrovft&AN=00001573-000000000-00000
=852  41$aBritish Library$bSTI$jELD Digital store$3Volume 30:Number 1(2015:Jan.)-***Previous issues available in print copy
=852  \\$aBritish Library$bDSC$j3500.773000$3Volume 36:Issue 2(2021)-
=945  \\$aCurrent opinion in cardiology.
=959  \\$fCurrently received
=CAT  \\$a10902$b40$c20150520$lBLL01$h1054
=CAT  \\$aBATCH-CLA$b00$c20150529$lBLL01$h1529
=CAT  \\$a5997$b40$c20150624$lBLL01$h1139
=CAT  \\$a5997$b40$c20150624$lBLL01$h1141
=CAT  \\$a5997$b40$c20150630$lBLL01$h1128
=CAT  \\$aIPL-CLA$c20150630$lBLL01$h1725
=CAT  \\$a11316$b40$c20151002$lBLL01$h1207
=CAT  \\$a5552$b40$c20160119$lBLL01$h1212
=CAT  \\$aBLDSS-3PM$b00$c20160201$lBLL01$h1812
=CAT  \\$aBATCH-UPD$b00$c20160217$lBLL01$h1713
=CAT  \\$aIPL-CLA$c20160331$lBLL01$h1819
=CAT  \\$aBATCH-UPD$b00$c20160413$lBLL01$h1829
=CAT  \\$aBATCH-UPD$b00$c20160524$lBLL01$h2200
=CAT  \\$aBATCH-UPD$b00$c20160524$lBLL01$h2307
=CAT  \\$a5552$b40$c20170127$lBLL01$h1145
=CAT  \\$aW1711-1005$c20171206$lBLL01$h1828
=CAT  \\$a10969$b40$c20180518$lBLL01$h1749
=CAT  \\$a12654$b40$c20210316$lBLL01$h0900
=CAT  \\$a8874$b40$c20230206$lBLL01$h1412
=CFI  0\$aCurrent copyright fee: GBP32.00$c20\0$e01-apr-2016$fGBP32.00$g0$hP$5Uk
=CFI  2\$aPrevious copyright fee: GBP30.32$c20\0$e19-jan-2016$fGBP30.32$g0$hP$5Uk
=FFP  \\$aY$bBLDSS-3PM
=FIN  \\$aY$d20150624
=LET  \0$aCurrent opinion in cardiology (Electronic)
=LKR  \\$aPAR$b007063579$lBLL01$nCurrent opinion in cardiology (Print)$mCurrent opinion in cardiology (Online)$r776
=MNI  \\$a0268-4705
=SID  \\$aZ39$bOCLC
=TOC  \\$aETOC
=UNO  \\$aY
=LAS  \\$a8874$b40$c20230206$lBLL01$h1412

