=LDR  04044cas a2200913 a 4500
=001  017368359
=003  Uk
=005  20230206141409.0
=006  m\\\\\o\\d\\\\\\\\
=007  cr\|||||||||||
=008  970514c19959999paubr\pso\\\\\0\\\a0eng\c
=FMT  \\$a  SE
=010  \\$a   00212781 
=015  \\$aGBB582598$2bnb
=022  \\$a1531-7072
=035  \\$a(OCoLC)36905766
=037  \\$aISSN_10705295$bPortico$nLippincott Williams & Wilkins
=040  \\$aUk$beng$cUk$dUK
=042  \\$ansdp$aukblsr
=050  \4$aRC86
=082  04$a616.028$223
=130  0\$aCurrent opinion in critical care (Online)
=210  0\$aCurr. opin. crit. care$b(Online)
=222  \0$aCurrent opinion in critical care$b(Online)
=245  10$aCurrent opinion in critical care$h[electronic resource].
=260  \\$a[Oxford] :$bRapid Science Publishers,$c1995-
=260  2\$aPhiladelphia, PA :$bLippincott Williams & Wilkins
=264  31$a[Philadelphia, PA] :$bWolters Kluwer
=310  \\$aBimonthly
=336  \\$atext$2rdacontent
=337  \\$acomputer$2rdamedia
=338  \\$aonline resource$2rdacarrier
=362  0\$aVol. 1, no. 1 (Feb. 1995)-
=500  \\$aPublished: Philadelphia, PA : Lippincott Williams & Wilkins, <Feb. 2000->.
=500  \\$aTitle from journal information screen.
=588  \\$aLatest issue consulted: volume 21, issue 3 (June 2015) (Wolters Kluwer, viewed June 30, 2015).
=540  \\$aCurrent copyright fee: GBP32.00$c20\0$5Uk
=650  \0$aCritical care medicine$vPeriodicals.
=776  08$iAlso issued in print as:$tCurrent opinion in critical care$x1070-5295
=859  \\$aELD$bejournal
=856  \\$31850-9999$uhttp://journals.lww.com/pages/default.aspx$xBLDSS
=856  4\$uhttp://firstsearch.oclc.org$zAddress for accessing the journal using authorization number and password through OCLC FirstSearch Electronic Collections Online
=856  4\$uhttp://firstsearch.oclc.org/journal=1070-5295;screen=info;ECOIP$zAddress for accessing the journal from an authorized IP address through OCLC FirstSearch Electronic Collections Online
=856  4\$uhttp://www.co-criticalcare.com
=856  40$uhttp://journals.lww.com/co-criticalcare/pages/default.aspx
=856  40$uhttp://ovidsp.ovid.com/ovidweb.cgi?T=JS&NEWS=n&CSC=Y&PAGE=toc&D=yrovft&AN=00075198-000000000-00000
=852  41$aBritish Library$bHMNTS$jELD Digital store$3Volume 21:Issue 1(2015:Feb.)-***Previous issues available in print copy
=852  \\$aBritish Library$bDSC$j3500.773800$3Volume 27:Issue 1(2021)-
=945  \\$aCurrent opinion in critical care.
=959  \\$fCurrently received
=CAT  \\$a10902$b40$c20150520$lBLL01$h1202
=CAT  \\$aBATCH-CLA$b00$c20150529$lBLL01$h1529
=CAT  \\$a5997$b40$c20150630$lBLL01$h0954
=CAT  \\$a5997$b40$c20150630$lBLL01$h0955
=CAT  \\$a5997$b40$c20150630$lBLL01$h1127
=CAT  \\$aIPL-CLA$c20150630$lBLL01$h1725
=CAT  \\$a11316$b40$c20151002$lBLL01$h1206
=CAT  \\$a5552$b40$c20160119$lBLL01$h1212
=CAT  \\$aBLDSS-3PM$b00$c20160201$lBLL01$h1812
=CAT  \\$aBATCH-UPD$b00$c20160217$lBLL01$h1713
=CAT  \\$aIPL-CLA$c20160331$lBLL01$h1819
=CAT  \\$aBATCH-UPD$b00$c20160413$lBLL01$h1829
=CAT  \\$aBATCH-UPD$b00$c20160524$lBLL01$h2200
=CAT  \\$aBATCH-UPD$b00$c20160524$lBLL01$h2307
=CAT  \\$a5552$b40$c20170127$lBLL01$h1154
=CAT  \\$aW1711-1005$c20171206$lBLL01$h1828
=CAT  \\$a12654$b40$c20210317$lBLL01$h0801
=CAT  \\$a8874$b40$c20230206$lBLL01$h1414
=CFI  0\$aCurrent copyright fee: GBP32.00$c20\0$e01-apr-2016$fGBP32.00$g0$hP$5Uk
=CFI  2\$aPrevious copyright fee: GBP30.32$c20\0$e19-jan-2016$fGBP30.32$g0$hP$5Uk
=FFP  \\$aY$bBLDSS-3PM
=FIN  \\$aY$d20150630
=LET  \0$aCurrent opinion in critical care (Electronic)
=LKR  \\$aPAR$b007160311$lBLL01$nCurrent opinion in critical care (Print)$mCurrent opinion in critical care (Online)$r776
=MNI  \\$a1070-5295
=SID  \\$aZ39$bOCLC
=TOC  \\$aETOC
=UNO  \\$aY
=LAS  \\$a8874$b40$c20230206$lBLL01$h1414

