=LDR  04827cas a2201033 a 4500
=001  017368725
=003  Uk
=005  20220426105530.0
=006  m\\\\\|\\d\|\\\\\\
=007  cr\|||||||||||
=008  060425c19909999xxuqr\p\o\\\\\0\\\a0eng\\
=FMT  \\$a  SE
=010  \\$a  2014203404
=015  \\$aGBB578799$2bnb
=022  \\$a2374-8907$y1541-7891
=035  \\$a(OCoLC)67618730$z(OCoLC)51520711
=037  \\$aISSN_15417891$bPortico$nLippincott Williams & Wilkins
=040  \\$aOCLCS$beng$cOCLCS$dOCLCS$dTXJ$dOCLCQ$dOCLCF$dDLC$dOCLCQ$dOCLCO$dUk
=042  \\$aukblsr
=050  14$aRC702$b.A46a
=060  \4$aW1$bCA77MDB
=082  04$a616.1062$223
=130  0\$aCardiopulmonary physical therapy journal (Online)
=222  \0$aCardiopulmonary physical therapy journal$b(Online)
=245  10$aCardiopulmonary physical therapy journal$h[electronic resource].
=246  17$aCardiopulmonary physical therapy
=260  \\$aLa Crosse, WI :$bCardiopulmonary Section, APTA
=264  21$32000-$a[Alexandria, VA] :$bCardiovascular & Pulmonary Section, APTA
=264  31$32015-$a[Philadelphia] :$b[Lippincott Williams & Wilkins]
=300  \\$billustrations (black and white)
=310  \\$aQuarterly,$b1996-
=321  \\$aThree no. a year,$b-1995
=336  \\$atext$btxt$2rdacontent
=337  \\$acomputer$bc$2rdamedia
=338  \\$aonline resource$bcr$2rdacarrier
=362  1\$aPrint began with: Vol. 1, no. 1 (1990).
=515  \\$aVol. 5, no. 3 not published.
=550  \\$aOfficial journal of: Cardiopulmonary Section of the American Physical Therapy Association, 1990-1999; Cardiovascular & Pulmonary Section, 2000-
=580  \\$aOriginal print version of this title was preceded by an earlier title: Cardiopulmonary record.
=588  \\$aDescription based on print version record.
=588  \\$aLatest issue consulted: volume 25, number 4 (December 2014) (publisher's website, viewed June 17, 2015).
=540  \\$aCurrent copyright fee: GBP32.00$c20\0$5Uk
=650  \0$aCardiopulmonary system$xDiseases$xPhysical therapy$vPeriodicals.
=650  \0$aCardiovascular system$xDiseases$xPhysical therapy$vPeriodicals.
=650  \0$aLungs$xDiseases$xPhysical therapy$vPeriodicals.
=655  \7$aPeriodicals.$2fast
=710  2\$aAmerican Physical Therapy Association.$bCardiovascular & Pulmonary Section.
=710  2\$aAmerican Physical Therapy Association.$bCardiopulmonary Section.
=776  08$iPrint version:$tCardiopulmonary physical therapy journal$x1541-7891
=859  \\$aELD$bejournal
=856  \\$31850-9999$uhttp://journals.lww.com/pages/default.aspx$xBLDSS
=856  4\$uhttp://cptjournal.org$zLink no longer valid
=856  4\$uhttp://gateway.proquest.com/openurl?url_ver=Z39.88-2004&res_dat=xri:pqd&rft_val_fmt=info:ofi/fmt:kev:mtx:journal&rft_dat=xri:pqd:PMID=39115$zLink no longer valid
=856  40$uhttp://journals.lww.com/cptj/pages/default.aspx
=852  \\$aBritish Library$bDSC$j3051.437050$3Volume 33:Issue 1(2022)-
=852  41$aBritish Library$bHMNTS$jELD Digital store$3Volume 26:Issue 1(2015)-***Previous issues available in print copy
=945  \\$aCardiopulmonary physical therapy journal
=959  \\$fCurrently received
=CAT  \\$a10876$b40$c20150521$lBLL01$h1536
=CAT  \\$aBATCH-CLA$b00$c20150529$lBLL01$h1529
=CAT  \\$a8323$b40$c20150617$lBLL01$h1540
=CAT  \\$aIPL-CLA$c20150630$lBLL01$h1725
=CAT  \\$aBATCH-CLA$b00$c20150828$lBLL01$h1542
=CAT  \\$aIPL-CLA$c20150930$lBLL01$h1855
=CAT  \\$aBATCH-CLA$b00$c20151127$lBLL01$h1630
=CAT  \\$aWR15058$c20151230$lBLL01$h1442
=CAT  \\$a5552$b40$c20160119$lBLL01$h1200
=CAT  \\$aBLDSS-3PM$b00$c20160201$lBLL01$h1812
=CAT  \\$aBATCH-UPD$b00$c20160217$lBLL01$h1713
=CAT  \\$aIPL-CLA$c20160331$lBLL01$h1819
=CAT  \\$aBATCH-UPD$b00$c20160413$lBLL01$h1829
=CAT  \\$aBATCH-UPD$b00$c20160524$lBLL01$h2200
=CAT  \\$aBATCH-UPD$b00$c20160524$lBLL01$h2307
=CAT  \\$a10806$b40$c20171013$lBLL01$h1558
=CAT  \\$aW1711-1005$c20171206$lBLL01$h1828
=CAT  \\$a8055$b40$c20220426$lBLL01$h1039
=CAT  \\$a8055$b40$c20220426$lBLL01$h1055
=CFI  0\$aCurrent copyright fee: GBP32.00$c20\0$e01-apr-2016$fGBP32.00$g0$hP$5Uk
=CFI  2\$aPrevious copyright fee: GBP30.32$c20\0$e19-jan-2016$fGBP30.32$g0$hP$5Uk
=FFP  \\$aY$bBLDSS-3PM
=FIN  \\$aY$d20150617
=LKR  \\$aPAR$b011743666$lBLL01$nCardiopulmonary physical therapy journal (Print)$mCardiopulmonary physical therapy journal (Online)$r776
=MNI  \\$a1541-7891
=SID  \\$aZ39$bOCLC
=TOC  \\$aETOC
=UNO  \\$aY
=ACF  \\$aPrevious Copyright Fee: GBP32.26$c0$e01-oct-2015$fGBP32.26$g0$hC$5Uk
=ACF  \\$aPrevious Copyright Fee: GBP2.00$c0$e01-jul-2015$fGBP2.00$g0$hC$5Uk
=LAS  \\$a8055$b40$c20220426$lBLL01$h1055

