=LDR  03563cas a2200865 a 4500
=001  017373611
=003  Uk
=005  20210422085848.0
=006  m\\\\\o\\d\\\\\\\\
=007  cr\cnu||||||||
=008  040520c20039999paubr\pso\\\\\0\\\a0eng\c
=FMT  \\$a  SE
=010  \\$a  2004212568
=015  \\$aGBB575893$2bnb
=022  \\$a1552-2032
=035  \\$a(OCoLC)55225269$z(OCoLC)55743448
=037  \\$aISSN_15445186$bPortico$nLippincott Williams & Wilkins
=040  \\$aDNB$beng$cDNB$dOCLCQ$dNSD$dMUQ$dOCLCQ$dOCLCF$dOCLCO$dUk
=042  \\$aukblsr
=050  10$aISSN RECORD
=082  04$a610.73$223
=130  0\$aNursing made incredibly easy! (Online)
=210  0\$aNurs. made incred. easy!$b(Online)
=222  \0$aNursing made incredibly easy!$b(Online)
=245  10$aNursing made incredibly easy!$h[electronic resource].
=260  \\$aSpringhouse, PA :$bLippincott Williams & Wilkins,$cc2003-
=310  \\$aBimonthly
=336  \\$atext$2rdacontent
=337  \\$acomputer$2rdamedia
=338  \\$aonline resource$2rdacarrier
=362  0\$aVol. 1, no. 1 (Sept./Oct. 2003)-
=500  \\$aTitle from table of contents page (OVID Web site, viewed May 20, 2004).
=530  \\$aAlso issued in print.
=538  \\$aMode of access: World Wide Web.
=588  \\$aLatest issue consulted: Vol. 2 (4) (July/Aug. 2004) (OVID Web site, viewed Aug. 26, 2004).
=540  \\$aCurrent copyright fee: GBP32.00$c20\0$5Uk
=650  \0$aNursing$vPeriodicals.
=650  \2$aNursing Care$vPeriodicals.
=650  \2$aNursing$vPeriodicals.
=650  \6$aSoins infirmiers$vPériodiques.
=650  \7$aNursing.$2fast$0(OCoLC)fst01041731
=655  \7$aPeriodicals.$2fast$0(OCoLC)fst01411641
=776  1\$tNursing made incredibly easy!$x1544-5186
=859  \\$aELD$bejournal
=856  \\$31850-9999$uhttp://journals.lww.com/pages/default.aspx$xBLDSS
=856  40$uhttp://gateway.ovid.com/ovidweb.cgi?T=JS&D=ovft&MODE=ovid&NEWS=N&PAGE=toc&AN=00152258-000000000-00000$zFull text available through Journals at Ovid. IP Restricted
=856  40$uhttp://journals.lww.com/nursingmadeincrediblyeasy/pages/default.aspx
=852  41$aBritish Library$bHMNTS$jELD Digital store$3Volume 13:Issue 1(2015:Jan./Feb.)-
=852  \\$aBritish Library$bDSC$j6187.093300$3Volume 19:Issue 1(2021)-
=945  \\$aNursing made incredibly easy.
=959  \\$fCurrently received
=CAT  \\$a10902$b40$c20150527$lBLL01$h0907
=CAT  \\$aBATCH-CLA$b00$c20150529$lBLL01$h1529
=CAT  \\$a10806$b40$c20150612$lBLL01$h1408
=CAT  \\$aIPL-CLA$c20150630$lBLL01$h1725
=CAT  \\$a5552$b40$c20160119$lBLL01$h1200
=CAT  \\$aBLDSS-3PM$b00$c20160201$lBLL01$h1812
=CAT  \\$aBATCH-UPD$b00$c20160217$lBLL01$h1713
=CAT  \\$aIPL-CLA$c20160331$lBLL01$h1819
=CAT  \\$aBATCH-UPD$b00$c20160413$lBLL01$h1829
=CAT  \\$aBATCH-UPD$b00$c20160524$lBLL01$h2200
=CAT  \\$aBATCH-UPD$b00$c20160524$lBLL01$h2307
=CAT  \\$a5552$b40$c20170321$lBLL01$h1542
=CAT  \\$aW1711-1005$c20171206$lBLL01$h1828
=CAT  \\$a12654$b40$c20210422$lBLL01$h0858
=CFI  0\$aCurrent copyright fee: GBP32.00$c20\0$e01-apr-2016$fGBP32.00$g0$hP$5Uk
=CFI  2\$aPrevious copyright fee: GBP30.32$c20\0$e19-jan-2016$fGBP30.32$g0$hP$5Uk
=FFP  \\$aY$bBLDSS-3PM
=FIN  \\$aY$d20150612
=LKR  \\$aPAR$b013298027$lBLL01$r776$mNursing made incredibly easy! (Online)$nNursing made incredibly easy! (Print)
=MNI  \\$a1544-5186
=SID  \\$aZ39$bOCLC
=TOC  \\$aETOC
=UNO  \\$aY
=LAS  \\$a12654$b40$c20210422$lBLL01$h0858

