=LDR  04080cas a2200913 a 4500
=001  017375230
=003  Uk
=005  20210422120331.0
=006  m\\\\\o\\|\\\\\\\\
=007  cr||n|||||||||
=008  060822c20069999pauqr\pso\\\\\0\\\a0eng\\
=FMT  \\$a  SE
=010  \\$a  2008215660
=015  \\$aGBB578742$2bnb
=016  7\$a101298201$2DNLM
=022  0\$a1941-9449$l1941-9430$21
=035  \\$a(OCoLC)123911118
=037  \\$aISSN_19419430$bPortico$nLippincott Williams & Wilkins
=040  \\$aUkCU$beng$cUkCU$dOCoLC$dNSDP$dArLUA$dOCoLC$dDGW-M$dOCoLC$dOCLCO$dOCoLC$dUk
=042  \\$aukblsr
=043  \\$an-us---
=060  00$aW1$bPE8705EJ
=082  04$a610.7372092$223
=130  0\$aJournal of physician assistant education (Online)
=222  \0$aJournal of physician assistant education$b(Online)
=245  14$aThe journal of physician assistant education$h[electronic resource] :$bthe official journal of the Physician Assistant Education Association.
=246  10$aJPAE
=260  \\$aAlexandria, VA :$bPhysician Assistant Education Association
=264  31$a[Philadelphia, Pa.] :$bLippincott Williams & Wilkins, Inc.
=310  \\$aQuarterly
=336  \\$atext$2rdacontent
=337  \\$acomputer$2rdamedia
=338  \\$aonline resource$2rdacarrier
=362  1\$aBegan with: Vol. 17, no. 1 (2006).
=500  \\$aIssues appear as individual articles on website.
=588  \\$aDescription based on: Vol. 17 no. 3 (2006); title from title screen (publisher's Web site viewed Apr. 8, 2008).
=588  \\$aLatest issue consulted: volume 26, issue 2 (June 2015) (publisher's Web site, viewed June 17, 2015).
=540  \\$aCurrent copyright fee: GBP32.00$c20\0$5Uk
=650  \0$aPhysicians' assistants$xEducation$zUnited States$vPeriodicals.
=650  12$aPhysician Assistants$xeducation$vPeriodicals.
=710  2\$aPhysician Assistant Education Association.
=776  08$iPrint version:$tJournal of physician assistant education$x1941-9430
=780  00$tPerspective on Physician Assistant Education
=859  \\$aELD$bejournal
=856  \\$31850-9999$uhttp://journals.lww.com/pages/default.aspx$xBLDSS
=856  4\$uhttp://www.lww.com/Product/1941-9430
=856  40$uhttp://journals.lww.com/jpae/pages/default.aspx
=856  40$uhttp://www.paeaonline.org/search/search.cfm$zFull text available from Freely Accessible Science Journals: 2006 to present
=852  41$aBritish Library$bHMNTS$jELD Digital store$3Volume 26:Issue 1(2015:Mar.)-***Previous issues available in print copy
=852  \\$aBritish Library$bDSC$j5036.217000$3Volume 32:Issue 1(2021)-
=945  \\$aJournal of physician assistant education.
=959  \\$fCurrently received
=CAT  \\$a6790$b40$c20150529$lBLL01$h0724
=CAT  \\$a6790$b40$c20150529$lBLL01$h0756
=CAT  \\$aBATCH-CLA$b00$c20150529$lBLL01$h1529
=CAT  \\$a10973$b40$c20150617$lBLL01$h1140
=CAT  \\$aIPL-CLA$c20150630$lBLL01$h1725
=CAT  \\$a5552$b40$c20160119$lBLL01$h0935
=CAT  \\$aBLDSS-3PM$b00$c20160201$lBLL01$h1812
=CAT  \\$aBATCH-UPD$b00$c20160217$lBLL01$h1713
=CAT  \\$aIPL-CLA$c20160331$lBLL01$h1819
=CAT  \\$aBATCH-UPD$b00$c20160413$lBLL01$h1829
=CAT  \\$aBATCH-UPD$b00$c20160524$lBLL01$h2200
=CAT  \\$aBATCH-UPD$b00$c20160524$lBLL01$h2307
=CAT  \\$a5552$b40$c20170216$lBLL01$h1400
=CAT  \\$aW1711-1005$c20171206$lBLL01$h1828
=CAT  \\$a12654$b40$c20210422$lBLL01$h1202
=CAT  \\$a12654$b40$c20210422$lBLL01$h1203
=CFI  0\$aCurrent copyright fee: GBP32.00$c20\0$e01-apr-2016$fGBP32.00$g0$hP$5Uk
=CFI  2\$aPrevious copyright fee: GBP30.32$c20\0$e19-jan-2016$fGBP30.32$g0$hP$5Uk
=FFP  \\$aY$bBLDSS-3PM
=FIN  \\$aY$d20150617
=LET  \4$aThe journal of physician assistant education (Electronic)
=LKR  \\$aPAR$b013615981$lBLL01$nThe journal of physician assistant education (Print)$mThe journal of physician assistant education (Online)$r776
=MNI  \\$a1941-9430
=SRC  \\$aBLL02
=TOC  \\$aETOC
=UNO  \\$aY
=LAS  \\$a12654$b40$c20210422$lBLL01$h1203

