=LDR  03858cas a2200913 a 4500
=001  017375318
=003  Uk
=005  20210422123932.0
=006  m\\\\\o\\d\\\\\\\\
=007  cr|cnu||||||||
=008  050414c19859999paumr\p\o\\\\\0\\\a0eng\\
=FMT  \\$a  SE
=010  \\$a  2011203553
=015  \\$aGBB579523$2bnb
=022  0\$a2163-8357$l0882-5645$y0882-5645$21
=035  \\$a(OCoLC)58992782
=037  \\$aISSN_08825645$bPortico$nLippincott Williams & Wilkins
=040  \\$aViBlbV$beng$cViBlbV$dNBuU-H$dOCoLC$dCaQMU$dNSDP$dOCoLC$dDLC$dOCoLC$dUk
=042  \\$aukblsr
=050  \4$aRB127$b.T67 (Internet)
=082  04$a616.0472$223
=130  0\$aTopics in pain management (Online)
=210  0\$aTop. pain manag.$b(Online)
=222  \0$aTopics in pain management$b(Online)
=245  10$aTopics in pain management$h[electronic resource].
=260  \\$aPhiladelphia, PA :$bWolters Kluwer Health / Lippincott Williams & Wilkins
=310  \\$aMonthly
=336  \\$atext$2rdacontent
=337  \\$acomputer$2rdamedia
=338  \\$aonline resource$2rdacarrier
=362  1\$aPrint began with vol. 1, no. 1 (June 1985).
=530  \\$aAlso issued in print.
=588  \\$aDescription based on: Vol. 1, no. 1 (June 1985); title from banner (Wolters Kluwer Health, viewed Sep. 15, 2011).
=588  \\$aLatest issue consulted: volume 30, issue 12 (June 2015) (publisher's Web site, viewed June 23, 2015).
=540  \\$aCurrent copyright fee: GBP32.00$c20\0$5Uk
=650  \0$aPain$vPeriodicals.
=650  \0$aPain$xTreatment$vPeriodicals.
=650  \2$aPain$vPeriodicals.
=650  \6$aDouleur$vPériodiques.
=650  \6$aDouleur$xTraitement$vPériodiques.
=776  1\$tTopics in pain management$x0882-5645
=859  \\$aELD$bejournal
=856  \\$31850-9999$uhttp://journals.lww.com/pages/default.aspx$xBLDSS
=856  4\$uhttp://www.lww.com/Product/0882-5646
=856  40$uhttp://gateway.ovid.com/ovidweb.cgi?T=JS&PAGE=toc&D=ovft&MODE=ovid&NEWS=N&AN=00587875-000000000-00000$zLink inactive as of Sep. 15, 2011
=856  40$uhttp://journals.lww.com/topicsinpainmanagement/pages/default.aspx
=856  40$uhttp://www.lww.com/resources/cmeinfo/topicsinpainmgmt.html#1$zLink inactive as of Sep. 15, 2011
=856  40$uhttps://www.topicsinpainmanagement.com
=852  41$aBritish Library$bHMNTS$jELD Digital store$3Volume 30:Issue 1(2014)-
=852  \\$aBritish Library$bDSC$j8867.476100$3Volume 36:Issue 10(2021)-
=945  \\$aTOPICS IN PAIN MANAGEMENT.
=959  \\$fCurrently received
=CAT  \\$a10876$b40$c20150529$lBLL01$h1144
=CAT  \\$a10973$b40$c20150623$lBLL01$h1221
=CAT  \\$aBATCH-CLA$b00$c20150828$lBLL01$h1543
=CAT  \\$aIPL-CLA$c20150930$lBLL01$h1855
=CAT  \\$a5552$b40$c20160119$lBLL01$h0911
=CAT  \\$aBLDSS-3PM$b00$c20160201$lBLL01$h1812
=CAT  \\$aBATCH-UPD$b00$c20160217$lBLL01$h1713
=CAT  \\$aIPL-CLA$c20160331$lBLL01$h1819
=CAT  \\$aBATCH-UPD$b00$c20160413$lBLL01$h1829
=CAT  \\$aBATCH-UPD$b00$c20160519$lBLL01$h0858
=CAT  \\$aBATCH-UPD$b00$c20160524$lBLL01$h2200
=CAT  \\$a5552$b40$c20170213$lBLL01$h1324
=CAT  \\$a5552$b40$c20170213$lBLL01$h1327
=CAT  \\$aW1711-1005$c20171206$lBLL01$h1828
=CAT  \\$a12654$b40$c20210422$lBLL01$h1238
=CAT  \\$a12654$b40$c20210422$lBLL01$h1239
=CFI  0\$aCurrent copyright fee: GBP32.00$c20\0$e01-apr-2016$fGBP32.00$g0$hP$5Uk
=CFI  2\$aPrevious copyright fee: GBP30.32$c20\0$e19-jan-2016$fGBP30.32$g0$hP$5Uk
=FFP  \\$aY$bBLDSS-3PM
=FIN  \\$aY$d20150623
=LET  \0$aTopics in pain management (Electronic)
=LKR  \\$aPAR$b005543265$lBLL01$nTopics in pain management (Print)$mTopics in pain management (Online)$r776
=MNI  \\$a0882-5646
=SRC  \\$aBLL02
=TOC  \\$aETOC
=UNO  \\$aY
=LAS  \\$a12654$b40$c20210422$lBLL01$h1239

