=LDR  04480cas a2200997 a 4500
=001  015450706
=003  Uk
=005  20220104145054.0
=006  m\\\\\\\\d\|\\\\\\
=007  cr||||||||||||
=008  091218c20079999enkqr\p\s\\\\\0\\\a0eng\\
=FMT  \\$a  SE
=015  \\$aGBB304798$2bnb
=022  0\$a2042-8707$y1755-6228$202
=037  \\$aISSN_17556228$bPortico$nEmerald
=040  \\$aUk$beng$cUk
=042  \\$aissnuk$aukblsr
=082  04$a362.20715$223
=130  0\$aJournal of mental health training, education and practice (Online)
=222  \4$aThe journal of mental health training, education and practice$b(Online)
=245  14$aThe journal of mental health training, education and practice$h[electronic resource] :$bissues for workforce development.
=260  \\$aHove :$bPier Professional
=260  3\$aBingley :$bEmerald
=310  \\$aQuarterly
=336  \\$atext$2rdacontent
=337  \\$acomputer$2rdamedia
=338  \\$aonline resource$2rdacarrier
=362  0\$aVol. 2, issue 2 (Sept. 2007)-
=538  \\$aMode of access: World Wide Web.
=580  \\$aIncludes issues of earlier title: Journal of mental health workforce development.
=500  \\$aTitle from table of contents screen (Emerald, viewed Jan. 19, 2013).
=588  \\$aLatest issue consulted: : volume 8, issue 4 (2013) (viewed December 20, 2013).
=540  \\$aCurrent copyright fee: GBP30.00$c25\0$5Uk
=650  \0$aMental health personnel$vPeriodicals.
=650  \0$aMental health personnel$xTraining of$vPeriodicals.
=650  \0$aMental health services$vPeriodicals.
=690  7\$aSocial Welfare$2blcoll
=776  08$iAlso issued in print:$tJournal of mental health training, education and practice$x1755-6228
=859  \\$aELD$bejournal
=856  \\$31850-9999$uhttp://www.emeraldinsight.com/$xBLDSS
=856  4\$uhttp://pierprofessional.metapress.com/content/121412/$zLink no longer valid
=856  40$uhttps://www.emerald.com/insight/publication/issn/1755-6228
=852  41$aBritish Library$bHMNTS$jELD Digital store$3Volume 9:Issue 1(2014)-***Previous issues available in print copy
=852  \\$aBritish Library$bDSC$j5017.688530$3Volume 10:Issue 1(2015)-
=945  \\$aJournal of mental health training, education and practice
=959  \\$fCurrently received
=985  \\$aISSN completion based on: Vol. 2, no. 2 (Sept. 2007); title from title screen (publisher's Web site, viewed Dec. 17, 2009).
=985  \\$aEjournals project 2012.
=CAT  \\$a11315$b40$c20091218$lBLL01$h0931
=CAT  \\$a11316$b40$c20091222$lBLL01$h1520
=CAT  \\$a5552$b40$c20111024$lBLL01$h1356
=CAT  \\$a5997$b40$c20130119$lBLL01$h0814
=CAT  \\$a5997$b40$c20130119$lBLL01$h1036
=CAT  \\$aWR13.050$c20130324$lBLL01$h1445
=CAT  \\$aBATCH-UPD$b00$c20130904$lBLL01$h1927
=CAT  \\$aIPL-CLA$c20130930$lBLL01$h1805
=CAT  \\$a8478$b40$c20131129$lBLL01$h0800
=CAT  \\$a8478$b40$c20131129$lBLL01$h0801
=CAT  \\$a8478$b40$c20131129$lBLL01$h0802
=CAT  \\$aBATCH-SWP$c20131207$lBLL01$h0128
=CAT  \\$a11316$b40$c20131220$lBLL01$h1455
=CAT  \\$aWR14_009$c20140204$lBLL01$h2345
=CAT  \\$aBLDSS-3PM$b00$c20141121$lBLL01$h1853
=CAT  \\$aBATCH-UPD$b00$c20151109$lBLL01$h1747
=CAT  \\$aIPL-CLA$c20151109$lBLL01$h1813
=CAT  \\$aBATCH-UPD$b00$c20160413$lBLL01$h1824
=CAT  \\$aBATCH-UPD$b00$c20160608$lBLL01$h0038
=CAT  \\$aW1711-1005$c20171206$lBLL01$h1822
=CAT  \\$a5410$b40$c20191029$lBLL01$h1121
=CAT  \\$a5410$b40$c20191029$lBLL01$h1122
=CAT  \\$a5410$b40$c20191030$lBLL01$h0833
=CAT  \\$a5410$b40$c20191030$lBLL01$h0834
=CAT  \\$a12654$b40$c20201002$lBLL01$h0953
=CAT  \\$a10806$b40$c20220104$lBLL01$h1450
=CFI  0\$aCurrent copyright fee: GBP30.00$c25\0$e09-nov-2015$fGBP30.00$g0$hP$5Uk
=CFI  2\$aPrevious copyright fee: GBP20.00$c25\0$e01-oct-2013$fGBP20.00$g0$hP$5Uk
=FFP  \\$aY$bBLDSS-3PM
=FIN  \\$aY$d20091218
=LET  \0$aThe journal of mental health training, education and practice (Electronic)
=LKR  \\$aPAR$b013810257$lBLL01$nThe journal of mental health training, education and practice (Print)$mThe journal of mental health training, education and practice (Online)$r776
=MNI  \\$a1755-6228
=TCO  \\$aCLA$bCLA$c008
=TOC  \\$aETOC
=UNO  \\$aY
=ACF  \\$aPrevious copyright fee: GBP15.00$c25\0$e24-oct-2011$fGBP15.00$g0$hP$5Uk
=LAS  \\$a10806$b40$c20220104$lBLL01$h1450

