=LDR  05067cas a2201153 a 4500
=001  015677072
=003  Uk
=005  20230930081000.0
=006  m\\\\\o\\d\\\\\\\\
=007  cr\un|||||||||
=008  050614c19959999enkbr\pss\\\\\0\\\a0eng\c
=FMT  \\$a  SE
=010  \\$a2011250806
=015  \\$aGBB348089$2bnb
=022  0\$a2045-7723$y1079-0268$202
=035  \\$a(OCoLC)60624606
=037  3\$aISSN_10790268_21$bPortico$nTaylor & Francis
=037  \\$aISSN_10790268$bPortico$nManey Publishing
=040  \\$aOCLCS$beng$cOCLCS$dTXJ$dVRC$dCUD$dOCLCQ$dBUF$dDLC$dOCLCQ$dUk
=042  \\$aissnuk$aukblsr
=050  \4$aRC400
=060  \4$aW1$bJO91D
=082  04$a616.8305$223
=130  0\$aJournal of spinal cord medicine (Online)
=210  0\$aJ. spinal cord med.$b(Online)
=222  \0$aJournal of spinal cord medicine$b(Online)
=245  14$aThe journal of spinal cord medicine$h[electronic resource].
=246  13$aJSCM
=260  \\$a[Leeds] :$bManey
=260  \\$3<1995-2010>$aJackson Heights, NY :$bAmerican Paraplegia Society
=260  3\$32011-$aLeeds :$bManey
=310  \\$aBimonthly,$b2011-
=321  \\$aFive issues yearly,$b2004-2010
=321  \\$aQuarterly,$b1995-2003
=336  \\$atext$2rdacontent
=337  \\$acomputer$2rdamedia
=338  \\$aonline resource$2rdacarrier
=362  1\$aPrint began with v. 18, no. 1 (Jan. 1995).
=550  \\$aOfficial journal of the Academy of Spinal Cord Injury Professionals and the American Spinal Injury Association, 2011-
=588  \\$aDescription based on print version record.
=588  \\$aLatest issue consulted: Vol. 35, no. 5 (Sept. 2012) (IngentaConnect, viewed Nov. 28, 2012).
=540  \\$aCurrent copyright fee: GBP46.00$c2\0$5Uk
=650  \0$aSpinal cord$xWounds and injuries$vPeriodicals.
=650  \0$aSpinal cord$xDiseases$vPeriodicals.
=710  2\$31995-2010.$aAmerican Paraplegia Society,
=710  2\$aAcademy of Spinal Cord Injury Professionals.
=710  2\$aAmerican Spinal Injury Association.
=776  08$iPrint version:$tJournal of spinal cord medicine$x1079-0268
=859  \\$aELD$bejournal
=856  \\$31850-9999$uhttp://maneypublishing.com/$xBLDSS
=856  40$uhttp://www.ingentaconnect.com/content/maney/scm
=856  40$uhttp://www.ncbi.nlm.nih.gov/pmc/journals/350/$zFree access after 5 months
=852  \\$aBritish Library$bDSC$j5066.181500$3Volume 39:Issue 1(2016)-***See ESTAR for full holdings.
=852  41$aBritish Library$bSTI$jELD Digital store$3Volume 36:Number 3(2013:May)-***Previous issues available in print copy
=945  \\$aJournal of spinal cord medicine
=959  \\$fCurrently received
=CAT  \\$a10806$b40$c20101025$lBLL01$h0839
=CAT  \\$aBLDSS-3PM$b00$c20141208$lBLL01$h1627
=CAT  \\$aBATCH-UPD$b00$c20150720$lBLL01$h0359
=CAT  \\$aBATCH-UPD$b00$c20151119$lBLL01$h1602
=CAT  \\$a8411$b40$c20151124$lBLL01$h1141
=CAT  \\$aIPL-CLA$c20151231$lBLL01$h1932
=CAT  \\$a14448$b40$c20160205$lBLL01$h1211
=CAT  \\$a12654$b40$c20160301$lBLL01$h1058
=CAT  \\$aBATCH-UPD$b40$c20160413$lBLL01$h1825
=CAT  \\$a11433$b40$c20160418$lBLL01$h1557
=CAT  \\$aBATCH-UPD$b40$c20160620$lBLL01$h0222
=CAT  \\$aBATCH-UPD$b40$c20161122$lBLL01$h1544
=CAT  \\$aBATCH-UPD$b40$c20161127$lBLL01$h1252
=CAT  \\$aIPL-CLA$c20161230$lBLL01$h2348
=CAT  \\$a5410$b40$c20171016$lBLL01$h1546
=CAT  \\$aW1711-1005$c20171206$lBLL01$h1823
=CAT  \\$a5552$b40$c20190115$lBLL01$h1159
=CAT  \\$a12654$b40$c20190704$lBLL01$h1457
=CAT  \\$aBATCH-UPD$b40$c20191122$lBLL01$h1919
=CAT  \\$aIPL-CLA$c20191231$lBLL01$h2025
=CAT  \\$aBATCH-UPD$b00$c20201118$lBLL01$h1353
=CAT  \\$aIPL-CLA$c20201231$lBLL01$h1532
=CAT  \\$aBATCH-UPD$b00$c20221121$lBLL01$h1428
=CAT  \\$aIPL-CLA$c20221231$lBLL01$h1450
=CAT  \\$aR2308-1440$c20230824$lBLL01$h0930
=CAT  \\$aIPL-CLA$c20230930$lBLL01$h0810
=CFI  0\$aCurrent copyright fee: GBP46.00$c2\0$e01-oct-2023$fGBP46.00$g0$hP$5Uk
=CFI  2\$aPrevious copyright fee: GBP46.00$c47\0$e01-jan-2023$fGBP46.00$g0$hP$5Uk
=FFP  \\$aY$bBLDSS-3PM
=FIN  \\$aY$d20110512
=LKR  \\$aPAR$b010492336$lBLL01$nJournal of spinal cord medicine (Print)$mJournal of spinal cord medicine (Online)$r776
=MNI  \\$a1079-0268
=SID  \\$aZ39$bOCLC
=TCO  \\$aCLA$bCLA$c008
=TOC  \\$aETOC
=ACF  \\$aPrevious Copyright Fee: GBP18.00$c47\0$e01-jan-2012$fGBP18.00$g0$hP$5Uk
=ACF  \\$aPrevious copyright fee: GBP30.00$c47\0$e01-jul-2012$fGBP30.00$g0$hP$5Uk
=ACF  \\$aPrevious copyright fee: GBP36.00$c47\0$e01-jan-2017$fGBP36.00$g0$hP$5Uk
=ACF  \\$aPrevious copyright fee: GBP34.00$c47\0$e01-jan-2016$fGBP34.00$g0$hP$5Uk
=ACF  \\$aPrevious copyright fee: GBP40.00$c47\0$e15-jan-2019$fGBP40.00$g0$hP$5Uk
=ACF  \\$aPrevious copyright fee: GBP42.00$c47\0$e01-jan-2020$fGBP42.00$g0$hP$5Uk
=ACF  \\$aPrevious copyright fee: GBP44.00$c47\0$e01-jan-2021$fGBP44.00$g0$hP$5Uk
=LAS  \\$aIPL-CLA$b00$c20230930$lBLL01$h0810

