=LDR  03446cas a2200817 i 4500
=001  018660228
=003  Uk
=005  20210511105112.0
=006  m\\\\\o\\d\\\\\\\\
=007  cr\mnu||||||||
=008  150624c20139999paufr\p\o\\\\u0\\\a0eng\c
=FMT  \\$a  SE
=010  \\$a  2016260287
=015  \\$aGBB824674$2bnb
=022  \\$a2368-4739
=035  \\$a(OCoLC)913714543$z(OCoLC)989755262$z(OCoLC)993912253
=037  \\$aISSN_23684720$bPortico$nLippincott Williams & Wilkins
=040  \\$aCNCGM$beng$cCNCGM$dCUS$dOCLCO$dCUI$dOCLCO$dOCLCF$dOCLCO$dORU$dCUI$dOCLCO$dORU$dUk$erda$epn
=042  \\$apcc$aukblsr
=050  \4$aRC563
=222  \4$aThe Canadian journal of addiction$b(Online)
=245  04$aThe Canadian Journal of Addiction /$cOfficial publication of the Canadian Society of Addiction Medicine.
=246  1\$iIssues for 2014- have French parallel title:$aJournal canadien d'addiction
=264  \1$aCalgary, Alberta :$bCanadian Society of Addiction Medicine,$c2013-
=264  31$32017-$a[Philadelphia?] :$bWolters Kluwer
=300  \\$a1 online resource
=310  \\$aSemiannual,$b2017-
=321  \\$aQuarterly
=336  \\$atext$2rdacontent
=337  \\$acomputer$2rdamedia
=338  \\$aonline resource$2rdacarrier
=362  1\$aBegan with volume 4, number 3 (September 2013).
=540  \\$aCurrent copyright fee: GBP32.00$c20\0$5Uk
=546  \\$aIncludes some text in French.
=588  \\$aDescription based on: Volume 4, Number 3 (September 2013); title from PDF cover (publisher's Web site, viewed September 7, 2016).
=588  \\$aLatest issue consulted: volume 8, issue 2 (December 2017) (viewed February 2, 2018).
=650  \0$aSubstance abuse$vPeriodicals.
=650  \2$aSubstance-Related Disorders.
=650  \7$aSubstance abuse.$2fast$0(OCoLC)fst01136767
=655  \2$aPeriodicals.
=655  \7$aPeriodicals.$2fast$0(OCoLC)fst01411641
=710  2\$aCanadian Society of Addiction Medicine,$eissuing body.
=776  08$iPrint version:$tCanadian journal of addiction$x2368-4720
=780  00$tCanadian journal of addiction medicine
=859  \\$aELD$bejournal
=856  \\$31850-9999$uhttp://journals.lww.com/pages/default.aspx$xBLDSS
=856  40$uhttp://bibpurl.oclc.org/web/48320
=856  40$uhttp://www.csam-smca.org/canadian-journal-of-addiction$xVerlag$zkostenfrei
=856  40$uhttp://www.csam-smca.org/canadian-journal-of-addiction/
=856  40$uhttps://journals.lww.com/cja/pages/default.aspx
=852  41$aBritish Library$bHMNTS$jELD Digital store$3Volume 6:Issue 1(2015)-
=852  \\$aBritish Library$bDSC$j3027.862000$3Volume 13:Issue 1(2022)-
=945  \\$aCanadian Journal of Addiction.
=CAT  \\$a10983$b40$c20171229$lBLL01$h1134
=CAT  \\$a10806$b40$c20180202$lBLL01$h0920
=CAT  \\$a10806$b40$c20180202$lBLL01$h0926
=CAT  \\$a5552$b40$c20180212$lBLL01$h0851
=CAT  \\$aBATCH-UPD$b40$c20180214$lBLL01$h0104
=CAT  \\$aBLDSS-3PM$b00$c20180226$lBLL01$h1340
=CAT  \\$aBATCH-UPD$b00$c20180226$lBLL01$h1350
=CAT  \\$a10983$b40$c20180324$lBLL01$h0845
=CAT  \\$a12654$b40$c20210309$lBLL01$h1024
=CAT  \\$a8055$b40$c20210511$lBLL01$h1051
=CFI  0\$aCurrent copyright fee: GBP32.00$c20\0$e12-feb-2018$fGBP32.00$g0$hP$5Uk
=FFP  \\$aY$bBLDSS-3PM
=FIN  \\$aY$d20180202
=MNI  \\$a2368-4720
=SID  \\$aZ39$bOCLC
=TOC  \\$aETOC
=UNO  \\$aY
=LAS  \\$a8055$b40$c20210511$lBLL01$h1051

