=LDR  04270cas a2201009 i 4500
=001  012907166
=003  Uk
=005  20180601143237.0
=006  m\\\\\\\\d\|\\\\\\
=007  cr||||||||||||
=008  040428c20039999enkmr\p\s\\\\\0\\\a0eng\\
=FMT  \\$a  SE
=015  \\$aGBB522225$2bnb
=022  0\$a1475-7516$202
=037  \\$aISSN_14757516$bPortico$nInstitute of Physics Publishing
=040  \\$aUk$beng$cUk$erda
=042  \\$aissnuk$aukblsr
=082  04$a523.0105$223
=222  \0$aJournal of cosmology and astroparticle physics
=245  00$aJournal of cosmology and astroparticle physics.
=246  13$aJCAP
=264  \1$aBristol :$bIOP Publishing Ltd,$c2003-
=310  \\$aMonthly
=336  \\$atext$2rdacontent
=337  \\$acomputer$2rdamedia
=338  \\$aonline resource$2rdacarrier
=362  0\$aFebruary 2003-
=550  \\$a"JCAP is jointly owned by IOP Publishing and SISSA."
=500  \\$aTitle from journal home page (IOP Science, viewed February 15, 2015).
=588  \\$aLatest issue consulted: February 2015 (viewed February 15, 2015).
=595  \\$aInternet access only.
=540  \\$aCurrent Copyright Fee: GBP30.00$c77\0$5Uk
=650  \0$aCosmology$vPeriodicals.
=650  \0$aAstrophysics$vPeriodicals.
=710  2\$aInstitute of Physics Publishing.
=710  2\$aInternational School for Advanced Studies (Trieste, Italy)
=856  \\$31850-9999$uhttp://ioppublishing.org/$xBLDSS
=856  40$uhttp://iopscience.iop.org/1475-7516
=859  \\$aELD$bejournal
=852  41$aBritish Library$bHMNTS$jELD Digital store$3Volume 2015:Issue 1(2015)-***Previous issues available in print copy
=852  41$aBritish Library$bDSC$j4965.430450$3Vol. 4 (2006)-[2012]
=945  \\$aJournal of cosmology and astroparticle physics -Online-
=CAT  \\$a9604$b40$c20040428$lTMP01$h1342
=CAT  \\$c20060404$lBLL01$h0058
=CAT  \\$c20060405$lBLL01$h0234
=CAT  \\$a6810$b40$c20060503$lBLL01$h1546
=CAT  \\$aBATCH-CLA$b00$c20060531$lBLL01$h1724
=CAT  \\$a6537$b40$c20060602$lBLL01$h1041
=CAT  \\$c20060701$lBLL01$h0330
=CAT  \\$c20060701$lBLL01$h0439
=CAT  \\$c20060701$lBLL01$h0549
=CAT  \\$aBATCH-UPD$b00$c20101201$lBLL01$h1249
=CAT  \\$aIPL-CLA$c20101231$lBLL01$h1512
=CAT  \\$aWR11_203$c20111204$lBLL01$h1508
=CAT  \\$aIPL-CLA$c20111230$lBLL01$h2018
=CAT  \\$a8456$b40$c20120810$lBLL01$h1343
=CAT  \\$aBATCH-CLA$b00$c20121109$lBLL01$h1731
=CAT  \\$a5552$b40$c20130828$lBLL01$h1225
=CAT  \\$aBLDSS-3PM$b00$c20141121$lBLL01$h1820
=CAT  \\$a5552$b40$c20141125$lBLL01$h1408
=CAT  \\$a10876$b40$c20150114$lBLL01$h1429
=CAT  \\$a11205$b40$c20150217$lBLL01$h1709
=CAT  \\$aBATCH-UPD$b40$c20160413$lBLL01$h1818
=CAT  \\$aBATCH-UPD$b40$c20160606$lBLL01$h0403
=CAT  \\$aW1711-1005$c20171206$lBLL01$h1816
=CAT  \\$a5552$b40$c20180601$lBLL01$h1057
=CAT  \\$a5552$b40$c20180601$lBLL01$h1432
=CAT  \\$aIPL-CLA$c20180630$lBLL01$h1915
=CFI  0\$aCurrent Copyright Fee: GBP30.00$c77\0$e01-jul-2018$fGBP30.00$g0$hP$5Uk
=CFI  2\$aPrevious copyright fee: GBP20.00$c77\0$e28-aug-2013$fGBP20.00$g0$hP$5Uk
=FFP  \\$aY$bBLDSS-3PM
=FIN  \\$aY$d20060602
=MNI  \\$a1475-7516
=TCO  \\$aCLA$bCLA$c008
=TOC  \\$aETOC
=UNO  \\$aY
=ACF  \\$aBritish Library not licensed to copy$c0$e01-jul-2006$hC$iCLA Excluded$5Uk
=ACF  \\$aBritish Library not licensed to copy$c0$e01-apr-2006$hC$iCLA Excluded$5Uk
=ACF  \\$aBritish Library not licensed to copy$c0$e01-jan-2006$hC$iCLA Excluded$5Uk
=ACF  \\$aBritish Library not licensed to copy$c0$e01-oct-2005$hC$iCLA Excluded$5Uk
=ACF  \\$aBritish Library not licensed to copy$c0$e01-jul-2005$hC$iCLA Excluded$5Uk
=ACF  \\$aBritish Library not licensed to copy$c0$e01-apr-2005$hC$iCLA Excluded$5Uk
=ACF  \\$aBritish Library not licensed to copy$c0$e01-jan-2005$hC$iCLA Excluded$5Uk
=ACF  \\$aBritish Library not licensed to copy$c0$e01-oct-2004$hC$iCLA Excluded$5Uk
=ACF  \\$aPrevious copyright fee: GBP12.00$c0$e01-jan-2012$fGBP12.00$g0$hA$5Uk
=ACF  \\$aPrevious copyright fee: GBP10.50$c0$e01-jan-2011$fGBP10.50$g0$hA$5Uk
=LAS  \\$aIPL-CLA$b00$c20180630$lBLL01$h1915

