=LDR  03865cas a2200973 a 4500
=001  012908471
=003  Uk
=005  20180604121809.0
=006  m\\\\\\\\d\\\\\\\\
=007  cr\cn|||||||||
=008  041109c20049999enk\x\mss\\\\\1\\\a0eng\d
=FMT  \\$a  SE
=010  \\$a2007238044
=015  \\$aGBA911852$2bnb
=022  \\$a1742-6596$202
=035  \\$a(OCoLC)56935111
=037  \\$aISSN_17426588$bPortico$nInstitute of Physics Publishing
=040  \\$aOUN$cOUN$dOCLCQ$dOCL$dCS1$dCUS$dIUL$dUk
=042  \\$aissnuk$aukblsr
=082  04$a530.5$222
=130  0\$aJournal of physics.$pConference series (Online)
=222  \0$aJournal of physics. Conference series$b(Online)
=245  10$aJournal of physics.$pConference series$h[electronic resource].
=260  \\$aBristol :$bInstitute of Physics Publishing,$c2004-
=310  \\$aIrregular
=336  \\$atext$2rdacontent
=337  \\$acomputer$2rdamedia
=338  \\$aonline resource$2rdacarrier
=362  0\$aVol. 1 (2004)-
=530  \\$aAlso issued in print format.
=500  \\$aTitle from table of contents page (publisher's Web site, viewed Jan. 8, 2007).
=530  \\$aAlso issued in print.
=538  \\$aMode of access: World Wide Web.
=540  \\$aCurrent copyright fee: zero$c77\0$5Uk
=650  \0$aPhysics$vCongresses.
=776  1\$tJournal of physics. Conference series$x1742-6588
=710  2\$aInstitute of Physics (Great Britain)
=856  \\$31850-9999$uhttp://ioppublishing.org/$xBLDSS
=856  40$uhttp://www.iop.org/EJ/journal/1742-6596
=859  \\$aELD$bejournal
=852  41$aBritish Library$bHMNTS$jELD Digital store$3Number 72(2007)-***Previous issues available in print copy
=852  41$aBritish Library$bDSC$j5036.223000$32008-[2012]
=945  \\$aJournal of physics -online- conference series-
=959  \\$fCurrently received
=CAT  \\$a9604$b40$c20040430$lTMP01$h1407
=CAT  \\$a9599$b40$c20090213$lBLL01$h1040
=CAT  \\$a11249$b40$c20090218$lBLL01$h1614
=CAT  \\$aISSN$b40$c20090309$lBLL01$h1430
=CAT  \\$aBATCH-UPD$b40$c20100226$lBLL01$h0138
=CAT  \\$aBATCH-UPD$b40$c20100331$lBLL01$h2332
=CAT  \\$aBATCH-UPD$b40$c20100401$lBLL01$h0251
=CAT  \\$aBATCH$b00$c20100401$lBLL01$h0554
=CAT  \\$aBATCH$b00$c20100401$lBLL01$h1627
=CAT  \\$aBATCH-UPD$b00$c20101124$lBLL01$h1944
=CAT  \\$aBATCH-UPD$b00$c20101125$lBLL01$h1212
=CAT  \\$aIPL-CLA$c20101231$lBLL01$h1512
=CAT  \\$aWR11_203$c20111204$lBLL01$h1508
=CAT  \\$aIPL-CLA$c20111230$lBLL01$h2018
=CAT  \\$aBATCH-CLA$b00$c20121109$lBLL01$h1731
=CAT  \\$a5552$b40$c20121205$lBLL01$h1047
=CAT  \\$aWR14_140$c20140905$lBLL01$h1805
=CAT  \\$aBLDSS-3PM$b00$c20141121$lBLL01$h1820
=CAT  \\$a10983$b40$c20150324$lBLL01$h1000
=CAT  \\$a10983$b40$c20150324$lBLL01$h1003
=CAT  \\$a10983$b40$c20160304$lBLL01$h1213
=CAT  \\$aBATCH-UPD$b40$c20160413$lBLL01$h1818
=CAT  \\$aBATCH-UPD$b40$c20160613$lBLL01$h0953
=CAT  \\$aW1711-1005$c20171206$lBLL01$h1816
=CAT  \\$a5552$b40$c20180604$lBLL01$h1218
=CAT  \\$aIPL-CLA$c20180630$lBLL01$h1915
=CFI  0\$aCurrent copyright fee: zero$c77\0$e01-jul-2018$fGBP0.00$g0$hP$5Uk
=CFI  2\$aPrevious copyright fee: GBP20.00$c77\0$e05-dec-2012$fGBP20.00$g0$hP$5Uk
=FFP  \\$aY$bBLDSS-3PM
=FIN  \\$aY$d20090210
=MNI  \\$a1742-6588
=SID  \\$aZ39$bOCLC
=TCO  \\$aCLA$bCLA$c008
=TOC  \\$aETOC
=UNO  \\$aY
=ACF  \\$aPrevious copyright fee: GBP9.00$c0$e01-apr-2010$fGBP9.00$g0$hA$5Uk
=ACF  \\$aPrevious copyright fee: GBP6.00$c0$e13-feb-2009$fGBP6.00$g0$hA$5Uk
=ACF  \\$aPrevious copyright fee: GBP12.00$c0$e01-jan-2012$fGBP12.00$g0$hA$5Uk
=ACF  \\$aPrevious copyright fee: GBP10.50$c0$e01-jan-2011$fGBP10.50$g0$hA$5Uk
=LAS  \\$aIPL-CLA$b00$c20180630$lBLL01$h1915

