=LDR  04375cas a2201045 i 4500
=001  012920416
=003  Uk
=005  20211231154242.0
=006  m\\\\\\\\d\|\\\\\\
=007  cr||||||||||||
=008  040519c20019999enkqr\p\o\\\\\0\\\a0eng\\
=FMT  \\$a  SE
=015  \\$aGBB352466$2bnb
=022  0\$a1479-8301$y1346-3500
=037  \\$aISSN_13463500$bPortico$nWiley
=040  \\$aUk$beng$cUk$erda
=042  \\$aukblsr
=082  04$a618.9768905$223
=210  0\$aPsychogeriatr.$b(Online)
=222  \0$aPsychogeriatrics$b(Online)
=245  00$aPsychogeriatrics.
=260  \\$a[Oxford] :$bBlackwell
=264  \1$aTokyo :$bJapanese Psychogeriatric Society
=264  21$aCarlton, Vic. :$bBlackwell Publishing Asia
=264  31$a[Oxford] :$b[Blackwell Publishing]
=300  \\$billustrations (black and white)
=310  \\$aQuarterly
=336  \\$atext$2rdacontent
=337  \\$acomputer$2rdamedia
=338  \\$aonline resource$2rdacarrier
=362  1\$aPrint began with vol. 1, no. 1 (Mar. 2001).
=525  \\$aSupplements accompany some issues.
=550  \\$aOfficial journal of the Japanese Psychogeriatric Society.
=588  \\$aDescription based on print version record.
=588  \\$aLatest issue consulted: volume 13, issue 1 (March 2013) (Wiley Online Library, viewed May 29, 2013).
=540  \\$aCurrent copyright fee: GBP39.00$c35\0$5Uk
=650  \0$aGeriatric psychiatry$vPeriodicals.
=710  2\$aNihon Rōnen Seishin Igakkai,$eissuing body.
=776  08$iAlso issued in print as:$tPsychogeriatrics$x1346-3500
=859  \\$aELD$bejournal
=856  \\$31850-9999$uhttp://onlinelibrary.wiley.com/$xBLDSS
=856  40$uhttp://onlinelibrary.wiley.com/journal/10.1111/(ISSN)1479-8301
=856  40$uhttp://www.blackwell-synergy.com/loi/psy?close=2005
=852  41$aBritish Library$bHMNTS$jELD Digital store$3Volume 13:Issue 1(2013:Mar.)-
=852  41$aBritish Library$bDSC$j6946.277347$3mar-2001 VOL 1 PART 1-Volume 14:Issue 4(2014)***See ESTAR for full holdings.
=945  \\$aPsychogeriatrics -Tokyo-
=959  \\$fHeld but not currently received
=985  \\$aCONFERENCE ANALYTIC RECORDS EXIST
=985  \\$aISSN responsibility transferred to U.S. ISSN Center from ISSN UK Centre, Wiley, Multinational Publisher List, Summer 2017.
=CAT  \\$a8124$b40$c20040519$lTMP01$h1430
=CAT  \\$aBATCH-CLA$b00$c20140125$lBLL01$h1258
=CAT  \\$aWR14_009$c20140204$lBLL01$h2343
=CAT  \\$aBATCH-CLA$c20140225$lBLL01$h2321
=CAT  \\$a10934$b40$c20141104$lBLL01$h0808
=CAT  \\$aBLDSS-3PM$b00$c20141214$lBLL01$h1522
=CAT  \\$aBATCH-UPD$b00$c20150215$lBLL01$h1624
=CAT  \\$aIPL-CLA$c20150228$lBLL01$h2047
=CAT  \\$aCDS15-UPD$b40$c20150918$lBLL01$h1639
=CAT  \\$aBATCH-UPD$b40$c20160615$lBLL01$h0515
=CAT  \\$aW1703-0316$c20170306$lBLL01$h1824
=CAT  \\$aW1703-0316$c20170307$lBLL01$h1647
=CAT  \\$aIPL-CLA$c20170307$lBLL01$h1824
=CAT  \\$a10973$b40$c20171016$lBLL01$h1345
=CAT  \\$aW1711-1005$c20171206$lBLL01$h1816
=CAT  \\$aBATCH-UPD$b00$c20180219$lBLL01$h1745
=CAT  \\$aBATCH-UPD$b00$c20181121$lBLL01$h1621
=CAT  \\$aIPL-CLA$c20181231$lBLL01$h1540
=CAT  \\$aR1911-0245$c20191127$lBLL01$h0823
=CAT  \\$aR1911-0245$c20191127$lBLL01$h1045
=CAT  \\$aIPL-CLA$c20191231$lBLL01$h1927
=CAT  \\$a5410$b40$c20200729$lBLL01$h0031
=CAT  \\$a12654$b40$c20201013$lBLL01$h0749
=CAT  \\$a5410$b40$c20201209$lBLL01$h0859
=CAT  \\$aW2111-0842$c20211208$lBLL01$h1942
=CAT  \\$aIPL-CLA$c20211231$lBLL01$h1542
=CFI  0\$aCurrent copyright fee: GBP39.00$c35\0$e01-jan-2022$fGBP39.00$g0$hP$5Uk
=CFI  2\$aPrevious Copyright Fee: GBP32.00$c35\0$e01-jan-2020$fGBP32.00$g0$hP$5Uk
=FFP  \\$aY$bBLDSS-3PM
=FIN  \\$aY$d20070104
=LEO  \\$aMP10.0000632116
=MNI  \\$a1346-3500
=SRC  \\$aDSS01$bbibmp10.200404.2.aa
=TCO  \\$aCLA$bCLA$c008
=TOC  \\$aETOC
=UNO  \\$aY
=ACF  \\$aPrevious copyright fee: GBP22.00$c10\0$e01-jan-2006$fGBP22.00$g0$hP$5Uk
=ACF  \\$aPrevious copyright fee: GBP24.00$c10\0$e01-mar-2015$fGBP24.00$g0$hP$5Uk
=ACF  \\$aPrevious copyright fee: GBP24.00$c35\0$e07-mar-2017$fGBP24.00$g0$hP$5Uk
=ACF  \\$aPrevious copyright fee: GBP28.00$c35\0$e01-jan-2019$fGBP28.00$g0$hP$5Uk
=LAS  \\$aIPL-CLA$b00$c20211231$lBLL01$h1542

