=LDR  03805cas a2200937 i 4500
=001  012947422
=003  Uk
=005  20221031155121.0
=006  m\\\\\\\\d\|\\\\\\
=007  cr||||||||||||
=008  040707c20059999enkmr\p\s\\\\\0\\\a0eng\\
=FMT  \\$a  SE
=015  \\$aGBB579130$2bnb
=022  0\$a1744-6880
=037  \\$aISSN_17446872$bPortico$nLippincott Williams & Wilkins
=040  \\$aUk$beng$cUk$dUk$erda
=042  \\$aukblsr
=082  04$a615.7$223
=210  0\$aPharmacogen. genomics$b(Online)
=222  \0$aPharmacogenetics and genomics$b(Online)
=245  00$aPharmaocogenetics and genomics.
=264  \1$a[London] :$bLippincott Williams & Wilkins
=264  31$a[London] :$bWolters Kluwer
=310  \\$aMonthly
=336  \\$atext$2rdacontent
=337  \\$acomputer$2rdamedia
=338  \\$aonline resource$2rdacarrier
=362  1\$aBegan with volume 5, issue 1 (January 2005).
=588  \\$aDescription based on volume 16, issue 7 (July 2006); title from cover image (Wolters Kluwer, viewed June 22, 2015).
=588  \\$aLatest issue consulted: volume 25, issue7 (July 2015) (viewed June 22, 2015).
=540  \\$aCurrent copyright fee: GBP32.00$c20\0$5Uk
=650  \0$aPharmacogenetics$vPeriodicals.
=650  \0$aPharmacogenomics$vPeriodicals.
=650  \0$aGenetic toxicology$vPeriodicals.
=650  \0$aBiomedical genetics$vPeriodicals.
=776  08$iAlso issued in print as:$aPharmacogenetics and genomics$x1744-6872
=780  00$tPharmacogenetics$x1473-561X
=859  \\$aELD$bejournal
=856  \\$31850-9999$uhttp://journals.lww.com/pages/default.aspx$xBLDSS
=856  40$uhttp://www.jpharmacogenetics.com
=852  41$aBritish Library$bSTI$jELD Digital store$3Volume 25:Issue 1(2015:Jan.)-***Previous issues available in print copy
=852  \\$aBritish Library$bDSC$j6446.249100$3Volume 31:Issue 1(2021)-
=945  \\$aPharmacogenetics and genomics.
=959  \\$fCurrently received
=985  \\$aISSN responsibility transferred to United States ISSN Centre 15/03/2013.
=CAT  \\$a9570$b40$c20040707$lBLL01$h1109
=CAT  \\$a9570$b40$c20040707$lBLL01$h1110
=CAT  \\$a8323$b40$c20050228$lBLL01$h1436
=CAT  \\$a11316$b40$c20050307$lBLL01$h1139
=CAT  \\$a8874$b40$c20110801$lBLL01$h1338
=CAT  \\$a11316$b40$c20130315$lBLL01$h1533
=CAT  \\$a10902$b40$c20150528$lBLL01$h1422
=CAT  \\$a11316$b40$c20150622$lBLL01$h1138
=CAT  \\$a11316$b40$c20150622$lBLL01$h1208
=CAT  \\$aBATCH-UPD$b40$c20150822$lBLL01$h0328
=CAT  \\$a5552$b40$c20160122$lBLL01$h1154
=CAT  \\$aBLDSS-3PM$b00$c20160201$lBLL01$h1812
=CAT  \\$aBATCH-UPD$b00$c20160217$lBLL01$h1711
=CAT  \\$aIPL-CLA$c20160331$lBLL01$h1723
=CAT  \\$aBATCH-UPD$b00$c20160413$lBLL01$h1818
=CAT  \\$aBATCH-UPD$b00$c20160524$lBLL01$h2156
=CAT  \\$aBATCH-UPD$b00$c20160524$lBLL01$h2248
=CAT  \\$a5552$b40$c20170309$lBLL01$h1336
=CAT  \\$a5410$b40$c20170922$lBLL01$h1101
=CAT  \\$aW1711-1005$c20171206$lBLL01$h1816
=CAT  \\$a5410$b40$c20200821$lBLL01$h2134
=CAT  \\$a5410$b40$c20200825$lBLL01$h0052
=CAT  \\$a5410$b40$c20200827$lBLL01$h1125
=CAT  \\$a5410$b40$c20200904$lBLL01$h0917
=CAT  \\$a12654$b40$c20210422$lBLL01$h0958
=CAT  \\$a6811$b40$c20221031$lBLL01$h1551
=CFI  0\$aCurrent copyright fee: GBP32.00$c20\0$e01-apr-2016$fGBP32.00$g0$hP$5Uk
=CFI  2\$aPrevious copyright fee: GBP30.32$c20\0$e19-jan-2016$fGBP30.32$g0$hP$5Uk
=FFP  \\$aY$bBLDSS-3PM
=FIN  \\$aY$d20050228
=LKR  \\$aPAR$b012947425$lBLL01$nPharmacogenetics and genomics (Print)$mPharmacogenetics and genomics (Online)$r776
=MNI  \\$a1744-6872
=TCO  \\$aCLA$bCLA$c008
=TOC  \\$aETOC
=UNO  \\$aY
=LAS  \\$a6811$b40$c20221031$lBLL01$h1551

