=LDR  04638cas a2201045 a 4500
=001  012957279
=003  Uk
=005  20230930080704.0
=006  m\\\\\\\\d\|\\\\\\
=007  cr||||||||||||
=008  040723c20019999enkbr\p\s\\\\\0\\\a0eng\\
=FMT  \\$a  SE
=015  \\$aGBB091228$2bnb
=022  0\$a1744-7631$202
=037  \\$aISSN_14728222$bPortico$nInforma Healthcare
=037  3\$aISSN_14728222_21$bPortico$nTaylor & Francis
=040  \\$aUk$beng$cUk$dUk
=042  \\$aissnuk$aukblsr
=046  \\$at$c2001$e9999
=082  04$a615.072$222
=130  0\$aExpert opinion on therapeutic targets (Online)
=210  0\$aExpert opin. ther. targets$b(Online)
=222  \0$aExpert opinion on therapeutic targets$b(Online)
=245  10$aExpert opinion on therapeutic targets$h[electronic resource].
=260  \\$aLondon :$bAshley Publications
=260  \\$a[London] :$bInforma Healthcare
=264  31$aAbingdon :$bTaylor & Francis$c[2015]-
=310  \\$aSix issues yearly
=336  \\$atext$2rdacontent
=337  \\$acomputer$2rdamedia
=338  \\$aonline resource$2rdacarrier
=362  1\$aPrint began with Vol. 5, no. 3 (June 2001) issue.
=530  \\$aAlso issued in print.
=580  \\$aIncludes issues of earlier title: Emerging therapeutic targets.
=500  \\$aDescription based on print record.
=500  \\$aLatest issue consulted: Vol. 14, no. 8 (Aug. 2010); Title from journal information screen (Informa Healthcare, viewed July 28, 2010).
=540  \\$aCurrent copyright fee: GBP73.00$c2\0$5Uk
=650  \0$aDrugs$xResearch$vPeriodicals.
=776  1\$tExpert opinion on therapeutic targets$x1472-8222
=780  10$tEmerging therapeutic targets (Online)
=859  \\$aELD$bejournal
=856  \\$31850-9999$uhttp://informahealthcare.com$xBLDSS
=856  4\$uhttp://juno.ashley-pub.com/vl=2061206/cl=65/nw=1/rpsv/journal/journal8_home.htm
=856  40$uhttp://informahealthcare.com/journal/ett
=852  41$aBritish Library$bDSC$j3842.002965$3Volume 13:Issue 11(2009)-Volume 21:Issue 12(2017)***See ESTAR for full holdings.
=852  41$aBritish Library$bHMNTS$jELD Digital store$3Volume 17:Number 5(2013:May)-***Previous issues available in print copy
=945  \\$aExpert opinion on therapeutic targets
=959  \\$fHeld but not currently received
=979  \\$aBritish Library$bDSC$j3842.002965
=CAT  \\$a11316$b40$c20040723$lBLL01$h1413
=CAT  \\$aBLDSS-3PM$b00$c20141121$lBLL01$h1802
=CAT  \\$a8439$b40$c20151111$lBLL01$h1154
=CAT  \\$a8439$b40$c20151111$lBLL01$h1224
=CAT  \\$a8439$b40$c20151112$lBLL01$h1140
=CAT  \\$a14448$b40$c20151201$lBLL01$h1344
=CAT  \\$a14448$b40$c20160204$lBLL01$h0933
=CAT  \\$a14448$b40$c20160205$lBLL01$h0943
=CAT  \\$a11433$b40$c20160415$lBLL01$h1553
=CAT  \\$aBATCH-UPD$b40$c20160522$lBLL01$h2347
=CAT  \\$aBATCH-UPD$b40$c20160524$lBLL01$h2148
=CAT  \\$a5552$b40$c20161005$lBLL01$h0853
=CAT  \\$aIPL-CLA$c20161230$lBLL01$h2126
=CAT  \\$aW1711-1005$c20171206$lBLL01$h1816
=CAT  \\$a5552$b40$c20181213$lBLL01$h1427
=CAT  \\$aIPL-CLA$c20181231$lBLL01$h1541
=CAT  \\$aW1811-111$c20190203$lBLL01$h0956
=CAT  \\$a5552$b40$c20191120$lBLL01$h0837
=CAT  \\$aIPL-CLA$c20191231$lBLL01$h1928
=CAT  \\$aBATCH-UPD$b00$c20211119$lBLL01$h1518
=CAT  \\$aIPL-CLA$c20211231$lBLL01$h1542
=CAT  \\$a5410$b40$c20221119$lBLL01$h1559
=CAT  \\$aBATCH-UPD$b40$c20230518$lBLL01$h1421
=CAT  \\$aIPL-CLA$c20230518$lBLL01$h1500
=CAT  \\$aR2308-1440$c20230824$lBLL01$h0927
=CAT  \\$aIPL-CLA$c20230930$lBLL01$h0807
=CFI  0\$aCurrent copyright fee: GBP73.00$c2\0$e01-oct-2023$fGBP73.00$g0$hP$5Uk
=CFI  2\$aPrevious copyright fee: GBP73.00$c45\0$e18-may-2023$fGBP73.00$g0$hP$5Uk
=FFP  \\$aY$bBLDSS-3PM
=FIN  \\$aY
=LKR  \\$aPAR$b011649858$lBLL01$r776$mExpert opinion on therapeutic targets (Online)$nExpert opinion on therapeutic targets (Print)
=MNI  \\$a1744-7631
=TCO  \\$aCLA$bCLA$c008
=TOC  \\$aETOC
=ACF  \\$aBritish Library not licensed to copy$c0$e22-nov-2005$hC$iCLA Excluded$5Uk
=ACF  \\$aPrevious copyright fee: GBP57.00$c45\0$e10-jul-2009$fGBP57.00$g0$hP$5Uk
=ACF  \\$aPrevious copyright fee: GBP59.00$c45\0$e01-jan-2017$fGBP59.00$g0$hP$5Uk
=ACF  \\$aPrevious copyright fee: GBP66.00$c45\0$e01-jan-2019$fGBP66.00$g0$hP$5Uk
=ACF  \\$aPrevious copyright fee: GBP69.00$c45\0$e01-jan-2020$fGBP69.00$g0$hP$5Uk
=ACF  \\$aPrevious copyright fee: GBP71.00$c45\0$e01-jan-2022$fGBP71.00$g0$hP$5Uk
=LAS  \\$aIPL-CLA$b00$c20230930$lBLL01$h0807

