=LDR  06002cas a2201273 a 4500
=001  013034676
=003  Uk
=005  20221015112915.0
=006  m\\\\\\\\d\\\\\\\\
=007  cr\cn|||||||||
=008  060327c20069999xxuqr\pss\\\\\0\\\a0eng\c
=FMT  \\$a  SE
=010  \\$a2007252093
=015  \\$aGBB3B7250$2bnb
=022  0\$a1745-6924$202
=035  \\$a(OCoLC)65212213
=037  \\$aPPS$bSage (UK) Ltd
=040  \\$aIWA$cIWA$dIWA$dIUL$dWAU$dOCLCS$dOCLCQ$dUk
=042  \\$aissnuk$aukblsr
=050  14$aBF1
=082  04$a150$223
=130  0\$aPerspectives on psychological science (Online)
=222  \0$aPerspectives on psychological science$b(Online)
=245  10$aPerspectives on psychological science$h[electronic resource].
=246  3\$aPPSC
=260  \\$a[Oxford] :$bBlackwell Publishers
=260  2\$a[Washington, DC] :$bAssociation for Psychological Science
=264  31$a[London] :$bSage
=310  \\$aQuarterly
=336  \\$atext$2rdacontent
=337  \\$acomputer$2rdamedia
=338  \\$aonline resource$2rdacarrier
=362  1\$aBegan with vol. 1, issue 1 (Mar. 2006).
=530  \\$aAlso issued in print.
=500  \\$aTitle from journal home page (Blackwell-Synergy, viewed Mar. 27, 2006).
=588  \\$aLatest issue consulted: volume 8, number 6 (November 2013) (SAGE journals, viewed December 19, 2013).
=540  \\$aCurrent copyright fee: GBP26.25$c103\0$5Uk
=650  \0$aPsychology$vPeriodicals.
=710  2\$aAssociation for Psychological Science.
=776  1\$tPerspectives on psychological science$x1745-6916
=859  \\$aELD$bejournal
=856  \\$31850-9999$uhttp://online.sagepub.com/$xBLDSS
=856  40$uhttp://pps.sagepub.com/
=856  40$uhttp://www.blackwell-synergy.com/loi/ppsc
=856  40$uhttp://www.psychologicalscience.org/journals/index.cfm?journal=pps&content=pps/home
=852  41$aBritish Library$bHMNTS$jELD Digital store$3Volume 8:Number 1(2013)-***Previous issues available in print copy
=852  \\$aBritish Library$bDSC$j6428.161240$3Volume 1:Issue 1(2006)-Volume 4:Issue 6(2009)***See ESTAR for full holdings.
=945  \\$aPerspectives on psychological science
=959  \\$fHeld but not currently received
=979  \\$aBritish Library$bDSC$j6428.161240
=CAT  \\$a8870$b40$c20041110$lBLL01$h1704
=CAT  \\$aIPL-CLA$c20160930$lBLL01$h1602
=CAT  \\$aBATCH-UPD$b00$c20170216$lBLL01$h1738
=CAT  \\$aIPL-CLA$c20170331$lBLL01$h1843
=CAT  \\$aBATCH-UPD$b00$c20170904$lBLL01$h1735
=CAT  \\$aIPL-CLA$c20170929$lBLL01$h1728
=CAT  \\$aW1711-1005$c20171206$lBLL01$h1817
=CAT  \\$a5552$b40$c20180208$lBLL01$h1408
=CAT  \\$aBATCH-UPD$b40$c20180223$lBLL01$h1543
=CAT  \\$aIPL-CLA$c20180331$lBLL01$h1619
=CAT  \\$aBATCH-UPD$b00$c20180823$lBLL01$h1900
=CAT  \\$aIPL-CLA$c20180930$lBLL01$h1501
=CAT  \\$aBATCH-UPD$b00$c20190521$lBLL01$h1348
=CAT  \\$aIPL-CLA$c20190630$lBLL01$h1533
=CAT  \\$aBATCH-UPD$b00$c20190829$lBLL01$h1432
=CAT  \\$aIPL-CLA$c20190930$lBLL01$h1637
=CAT  \\$aBATCH-UPD$b00$c20200219$lBLL01$h1422
=CAT  \\$aIPL-CLA$c20200331$lBLL01$h1613
=CAT  \\$aBATCH-UPD$b00$c20200522$lBLL01$h1414
=CAT  \\$aIPL-CLA$c20200701$lBLL01$h0055
=CAT  \\$a5410$b40$c20200822$lBLL01$h1316
=CAT  \\$aBATCH-UPD$b40$c20210226$lBLL01$h0955
=CAT  \\$aIPL-CLA$c20210331$lBLL01$h1700
=CAT  \\$aBATCH-UPD$b00$c20210707$lBLL01$h1518
=CAT  \\$aIPL-CLA$c20210707$lBLL01$h1843
=CAT  \\$a5410$b40$c20221015$lBLL01$h1129
=CFI  0\$aCurrent copyright fee: GBP26.25$c103\0$e07-jul-2021$fGBP26.25$g0$hP$5Uk
=CFI  2\$aPrevious copyright fee: GBP27.22$c103\0$e01-apr-2021$fGBP27.22$g0$hP$5Uk
=FFP  \\$aY$bBLDSS-3PM
=FIN  \\$aY$d20060614
=LET  \0$aPerspectives on psychological science (Electronic)
=LKR  \\$aPAR$b013034674$lBLL01$r776$mPerspectives on psychological science (Online)$nPerspectives on psychological science (Print)
=MNI  \\$a1745-6916
=SID  \\$aZ39$bOCLC
=TCO  \\$aTRS$bCCC$c008
=TOC  \\$aETOC
=UNO  \\$aY
=ACF  \\$aPrevious copyright fee: GBP17.00$c10\0$e01-jan-2009$fGBP17.00$g0$hP$5Uk
=ACF  \\$aPrevious Copyright Fee: GBP16.00$c10\0$e21-apr-2006$fGBP16.00$g0$hP$5Uk
=ACF  \\$aPrevious Copyright Fee: GBP18.75$c0$e01-jan-2013$fGBP18.75$g0$hC$5Uk
=ACF  \\$aPrevious copyright fee: GBP12.00$c0$e12-jul-2012$fGBP12.00$g0$hA$5Uk
=ACF  \\$aPrevious copyright fee: GBP22.00$c10\0$e01-jan-2011$fGBP22.00$g0$hP$5Uk
=ACF  \\$aPrevious Copyright Fee: GBP22.50$c103\0$e20-feb-2014$fGBP22.50$g0$hP$5Uk
=ACF  \\$aPrevious copyright fee: GBP21.82$c103\0$e01-jul-2014$fGBP21.82$g0$hP$5Uk
=ACF  \\$aPrevious copyright fee: GBP23.23$c103\0$e01-apr-2015$fGBP23.23$g0$hP$5Uk
=ACF  \\$aPrevious copyright fee: GBP24.00$c103\0$e01-jul-2015$fGBP24.00$g0$hP$5Uk
=ACF  \\$aPrevious copyright fee: GBP23.23$c103\0$e01-oct-2015$fGBP23.23$g0$hP$5Uk
=ACF  \\$aPrevious copyright fee: GBP27.59$c103\0$e01-apr-2016$fGBP27.59$g0$hP$5Uk
=ACF  \\$aPrevious copyright fee: GBP29.63$c103\0$e01-oct-2016$fGBP29.63$g0$hP$5Uk
=ACF  \\$aPrevious copyright fee: GBP30.77$c103\0$e01-oct-2017$fGBP30.77$g0$hP$5Uk
=ACF  \\$aPrevious copyright fee: GBP32.00$c103\0$e01-apr-2017$fGBP32.00$g0$hP$5Uk
=ACF  \\$aPrevious copyright fee: GBP26.92$c103\0$e08-feb-2018$fGBP26.92$g0$hP$5Uk
=ACF  \\$aPrevious copyright fee: GBP25.00$c103\0$e01-apr-2018$fGBP25.00$g0$hP$5Uk
=ACF  \\$aPrevious copyright fee: GBP26.92$c103\0$e01-oct-2018$fGBP26.92$g0$hP$5Uk
=ACF  \\$aPrevious copyright fee: GBP28.27$c103\0$e01-jul-2019$fGBP28.27$g0$hP$5Uk
=ACF  \\$aPrevious copyright fee: GBP29.40$c103\0$e01-oct-2019$fGBP29.40$g0$hP$5Uk
=ACF  \\$aPrevious copyright fee: GBP28.27$c103\0$e01-apr-2020$fGBP28.27$g0$hP$5Uk
=ACF  \\$aPrevious copyright fee: GBP29.40$c103\0$e01-jul-2020$fGBP29.40$g0$hP$5Uk
=LAS  \\$a5410$b40$c20221015$lBLL01$h1129

