=LDR  04224cas a2201021 a 4500
=001  013114946
=003  Uk
=005  20230206141736.0
=006  m\\\\\o\\d\\\\\\\\
=007  cr\|||||||||||
=008  060203c20069999enkbr\pso\\\\\0\\\a0eng\c
=FMT  \\$a  SE
=010  \\$a  2006264528
=015  \\$aGBB566432$2bnb
=022  0\$a1746-6318
=035  \\$a(OCoLC)63274224
=037  \\$aISSN_1746630X$bPortico$nLippincott Williams & Wilkins
=040  \\$aOHS$beng$cOHS$dSBH$dMUQ$dNSD$dOCLCQ$dLGG$dOCLCQ$dOCLCF$dOCLCO$dUk
=042  \\$aukblsr
=050  14$aRC606.5$b.C87
=082  04$a616.9792005$223
=130  0\$aCurrent opinion in HIV & AIDS (Online)
=222  \0$aCurrent opinion in HIV and AIDS$b(Online)
=245  10$aCurrent opinion in HIV & AIDS$h[electronic resource].
=246  3\$aCurrent opinion in HIV and AIDS
=246  3\$aCurrent opinion in human immunodeficiency virus and acquired immune deficiency syndrome
=260  \\$aLondon :$bLippincott Williams & Wilkins,$c2006-
=310  \\$aBimonthly
=336  \\$atext$2rdacontent
=337  \\$acomputer$2rdamedia
=338  \\$aonline resource$2rdacarrier
=362  0\$aVol. 1 (1) (Jan. 2006)-
=500  \\$aTitle from table of contents page (Ovid, viewed Jan. 9, 2006).
=530  \\$aAlso issued in print.
=538  \\$aMode of access: World Wide Web.
=588  \\$aLatest issue consulted: volume 10, issue 3 (May 2015) (Wolters Kluwer Health, viewed May 21, 2015).
=540  \\$aCurrent copyright fee: GBP32.00$c20\0$5Uk
=650  \0$aAIDS (Disease)$vPeriodicals.
=650  \0$aHIV infections$vPeriodicals.
=650  12$aHIV Infections$vPeriodicals.
=650  12$aAcquired Immunodeficiency Syndrome$vPeriodicals.
=650  \6$aInfections à VIH$vPériodiques.
=650  \6$aSida$vPériodiques.
=650  \7$aAIDS (Disease)$2fast$0(OCoLC)fst00793808
=650  \7$aHIV infections.$2fast$0(OCoLC)fst00949871
=655  \7$aPeriodicals.$2fast$0(OCoLC)fst01411641
=776  1\$tCurrent opinion in HIV and AIDS$x1746-630X
=859  \\$aELD$bejournal
=856  \\$31850-9999$uhttp://journals.lww.com/pages/default.aspx$xBLDSS
=856  40$uhttp://gateway.ovid.com/ovidweb.cgi?T=JS&MODE=ovid&NEWS=n&PAGE=toc&D=ovft&AN=01222929-000000000-00000
=856  40$uwww.co-hivandaids.com
=852  41$aBritish Library$bSTI$jELD Digital store$3Volume 10:Issue 1(2015:Jan.)-***Previous issues available in print copy
=852  \\$aBritish Library$bDSC$j3500.775250$3Volume 16:Issue 2(2021)-
=945  \\$aCurrent opinion in HIV and AIDS.
=959  \\$fCurrently received
=985  \\$aISSN responsibility transferred to U.S. Center - 4/11/2015
=CAT  \\$a7152$b40$c20050217$lBLL01$h1518
=CAT  \\$a6537$b40$c20060123$lBLL01$h0926
=CAT  \\$a8874$b40$c20090324$lBLL01$h0747
=CAT  \\$a11316$b40$c20150515$lBLL01$h1400
=CAT  \\$a10902$b40$c20150521$lBLL01$h0929
=CAT  \\$a11316$b40$c20150521$lBLL01$h1400
=CAT  \\$aBATCH-CLA$b00$c20150529$lBLL01$h1529
=CAT  \\$aIPL-CLA$c20150630$lBLL01$h1646
=CAT  \\$a11316$b40$c20151104$lBLL01$h0902
=CAT  \\$a5552$b40$c20160122$lBLL01$h1150
=CAT  \\$aBLDSS-3PM$b00$c20160201$lBLL01$h1812
=CAT  \\$aBATCH-UPD$b00$c20160217$lBLL01$h1711
=CAT  \\$aIPL-CLA$c20160331$lBLL01$h1727
=CAT  \\$aBATCH-UPD$b00$c20160413$lBLL01$h1819
=CAT  \\$aBATCH-UPD$b00$c20160519$lBLL01$h1015
=CAT  \\$aBATCH-UPD$b00$c20160524$lBLL01$h2156
=CAT  \\$a5552$b40$c20170127$lBLL01$h1309
=CAT  \\$aW1711-1005$c20171206$lBLL01$h1817
=CAT  \\$a12654$b40$c20210317$lBLL01$h0849
=CAT  \\$a8874$b40$c20230206$lBLL01$h1417
=CFI  0\$aCurrent copyright fee: GBP32.00$c20\0$e01-apr-2016$fGBP32.00$g0$hP$5Uk
=CFI  2\$aPrevious copyright fee: GBP30.32$c20\0$e22-jan-2016$fGBP30.32$g0$hP$5Uk
=FFP  \\$aY$bBLDSS-3PM
=FIN  \\$aY$d20060123
=LET  \0$aCurrent opinion in HIV and AIDS (Electronic)
=LKR  \\$aPAR$b013114936$lBLL01$nCurrent opinion in HIV and AIDS (Print)$mCurrent opinion in HIV and AIDS (Online)$r776
=MNI  \\$a1746-630X
=SID  \\$aZ39$bOCLC
=TCO  \\$aCLA$bCLA$c008
=TOC  \\$aETOC
=UNO  \\$aY
=LAS  \\$a8874$b40$c20230206$lBLL01$h1417

