=LDR  05374cas a2201081 a 4500
=001  013209772
=003  Uk
=005  20221231144620.0
=006  m\\\\\\\\d\|\\\\\\
=007  cr||||||||||||
=008  050531c19929999enkqr\p\s\\\\\0\\\a0eng\\
=FMT  \\$a  SE
=015  \\$aGBB608973$2bnb
=022  0\$a1747-7611
=037  \\$aISSN_10382046$bPortico$nTaylor & Francis
=040  \\$aUk$beng$cUk$dUk
=042  \\$aukblsr
=082  04$a333.707$222
=130  0\$aInternational research in geographical and environmental education (Online)
=222  \0$aInternational research in geographical and environmental education$b(Online)
=245  10$aInternational research in geographical and environmental education$h[electronic resource].
=260  \\$aClevedon :$bChannel View
=260  3\$32008-$a[Abingdon] :$bRoutledge
=310  \\$aQuarterly,$b2000-
=321  \\$aThree times a year,$b1996-1999
=321  \\$aSemiannual,$b1991-1995
=336  \\$atext$2rdacontent
=337  \\$acomputer$2rdamedia
=338  \\$aonline resource$2rdacarrier
=362  1\$aPrint began with: Vol. 1, no. 1 (1992).
=500  \\$aDescription based on: Vol. 19, issue 1 (2010); title from issues list screen (Informaworld, viewed May 4, 2010).
=588  \\$aLatest issue consulted: Volume 25, issue 1 (2016) (Taylor & Francis Online, viewed January 19, 2016).
=540  \\$aCurrent copyright fee: GBP37.00$c2\0$5Uk
=650  \0$aEnvironmental education$xPeriodicals.
=650  \0$aGeography$xStudy and teaching$xPeriodicals.
=776  08$iAlso issued in print as:$tInternational research in geographical and environmental education$x1038-2046
=856  \\$31850-9999$uhttp://www.tandfonline.com/$xBLDSS
=856  40$uhttp://www.tandfonline.com/toc/rgee20/current
=856  4\$uhttp://www.multilingual-matters.net/irgee/default.htm
=856  40$uhttp://www.informaworld.com/smpp/title~content=t794297793~db=all
=859  \\$aELD$bejournal
=852  41$aBritish Library$bHMNTS$jELD Digital store$3Volume 25:Issue 1(2016)-***Previous issues available in print copy
=852  41$aBritish Library$bDSC$j4545.831650$3Volume 18:Issue 1(2009)-Volume 18:Issue 2(2009)***See ESTAR for full holdings.
=945  \\$aInternational research in geographical and environmental education
=959  \\$fHeld but not currently received
=985  \\$aISSN responsibility transferred from ISSN UK Centre to U.S. ISSN Center Taylor & Francis, Multinational Publisher List, Summer 2016
=CAT  \\$a7152$b40$c20050531$lBLL01$h1617
=CAT  \\$aBATCH-UPD$b00$c20131119$lBLL01$h1959
=CAT  \\$aIPL-CLA$c20131231$lBLL01$h2350
=CAT  \\$aBATCH-UPD$b00$c20141124$lBLL01$h1802
=CAT  \\$aBLDSS-3PM$b00$c20141130$lBLL01$h1248
=CAT  \\$aIPL-CLA$c20141231$lBLL01$h1652
=CAT  \\$aBATCH-UPD$b00$c20151119$lBLL01$h1543
=CAT  \\$aIPL-CLA$c20151231$lBLL01$h1921
=CAT  \\$a8124$b40$c20160119$lBLL01$h1216
=CAT  \\$a8411$b40$c20160126$lBLL01$h1116
=CAT  \\$aBATCH-UPD$b40$c20160725$lBLL01$h2350
=CAT  \\$aW1607-0553$c20160818$lBLL01$h0910
=CAT  \\$aW1607-0553$c20160818$lBLL01$h0915
=CAT  \\$aBATCH-UPD$b00$c20161122$lBLL01$h1512
=CAT  \\$aIPL-CLA$c20161230$lBLL01$h2141
=CAT  \\$aBATCH-UPD$b00$c20171121$lBLL01$h1647
=CAT  \\$aW1711-1005$c20171206$lBLL01$h1817
=CAT  \\$aIPL-CLA$c20171231$lBLL01$h1643
=CAT  \\$aBATCH-UPD$b00$c20181217$lBLL01$h1638
=CAT  \\$aIPL-CLA$c20181231$lBLL01$h1542
=CAT  \\$aBATCH-UPD$b00$c20191122$lBLL01$h1900
=CAT  \\$aIPL-CLA$c20191231$lBLL01$h1933
=CAT  \\$aBATCH-UPD$b00$c20201118$lBLL01$h1333
=CAT  \\$aIPL-CLA$c20201231$lBLL01$h1529
=CAT  \\$aBATCH-UPD$b00$c20221121$lBLL01$h1346
=CAT  \\$aIPL-CLA$c20221231$lBLL01$h1446
=CFI  0\$aCurrent copyright fee: GBP37.00$c2\0$e01-jan-2023$fGBP37.00$g0$hP$5Uk
=CFI  2\$aPrevious copyright fee: GBP35.00$c2\0$e01-jan-2021$fGBP35.00$g0$hP$5Uk
=FFP  \\$aY$bBLDSS-3PM
=FIN  \\$aY$d20050531
=LET  \0$aInternational research in geographical and environmental education (Electronic)
=LKR  \\$aPAR$b009859738$lBLL01$r776$mInternational research in geographical and environmental education (Online)$nInternational research in geographical and environmental education (Print)
=MNI  \\$a1038-2046
=TCO  \\$aCLA$bCLA$c008
=TOC  \\$aETOC
=ACF  \\$aPrevious Copyright Fee: GBP17.00$c2\0$e15-feb-2010$fGBP17.00$g0$hP$5Uk
=ACF  \\$aPrevious copyright fee: GBP21.00$c2\0$e01-jan-2011$fGBP21.00$g0$hP$5Uk
=ACF  \\$aPrevious copyright fee: GBP23.00$c2\0$e01-jan-2012$fGBP23.00$g0$hP$5Uk
=ACF  \\$aPrevious copyright fee: GBP23.50$c2\0$e01-jan-2013$fGBP23.50$g0$hP$5Uk
=ACF  \\$aPrevious copyright fee: GBP24.00$c2\0$e01-jan-2014$fGBP24.00$g0$hP$5Uk
=ACF  \\$aPrevious copyright fee: GBP25.00$c2\0$e01-jan-2015$fGBP25.00$g0$hP$5Uk
=ACF  \\$aPrevious copyright fee: GBP26.00$c2\0$e01-jan-2016$fGBP26.00$g0$hP$5Uk
=ACF  \\$aPrevious copyright fee: GBP28.00$c2\0$e01-jan-2017$fGBP28.00$g0$hP$5Uk
=ACF  \\$aPrevious copyright fee: GBP30.00$c2\0$e01-jan-2018$fGBP30.00$g0$hP$5Uk
=ACF  \\$aPrevious copyright fee: GBP32.00$c2\0$e01-jan-2019$fGBP32.00$g0$hP$5Uk
=ACF  \\$aPrevious copyright fee: GBP34.00$c2\0$e01-jan-2020$fGBP34.00$g0$hP$5Uk
=LAS  \\$aIPL-CLA$b00$c20221231$lBLL01$h1446

