=LDR  05218cas a2201105 a 4500
=001  013209779
=003  Uk
=005  20221231144620.0
=006  m\\\\\\\\d\|\\\\\\
=007  cr||||||||||||
=008  050531c20039999enkqr\p\s\\\\\0\\\a0eng\\
=FMT  \\$a  SE
=015  \\$aGBB0B1842$2bnb
=022  0\$a1747-762X
=037  \\$aISSN_14735903$bPortico$nTaylor & Francis
=040  \\$aUk$beng$cUk$dUk
=042  \\$aukblsr
=082  04$a338.14$223
=130  0\$aInternational journal of agricultural sustainability (Online)
=222  \0$aInternational journal of agricultural sustainability$b(Online)
=245  10$aInternational journal of agricultural sustainability$h[electronic resource].
=260  \\$aClevedon :$bChannel View,$c2003-2006
=260  2\$32007-$aLondon :$bEarthscan
=264  31$aAbingdon :$bRoutledge, Taylor & Francis Group
=310  \\$aQuarterly,$b2007-
=321  \\$aThree issues yearly,$b2003-2007
=336  \\$atext$2rdacontent
=337  \\$acomputer$2rdamedia
=338  \\$aonline resource$2rdacarrier
=362  0\$aVol. 1, issue 1 (2003)-
=538  \\$aMode of access: World Wide Web.
=538  \\$aSystem requirements: Adobe Acrobat Reader.
=500  \\$aTitle from issue contents page (IngentaConnect, viewed Sep. 15, 2010).
=588  \\$aLatest issue consulted: volume 14, issue 2 (2016) (Taylor & Francis Online, viewed February 18, 2016).
=530  \\$aAlso issued in print.
=540  \\$aCurrent copyright fee: GBP43.00$c2\0$5Uk
=650  \0$aAgriculture$xEnvironmental aspects$vPeriodicals.
=650  \0$aAgricultural ecology$vPeriodicals.
=690  7\$aManagement and Business Studies$2blcoll
=776  1\$tInternational journal of agricultural sustainability$x1473-5903
=856  \\$31850-9999$uhttp://www.tandfonline.com/$xBLDSS
=856  4\$uhttp://www.ingentaconnect.com/content/earthscan/ijas
=856  40$uhttp://www.earthscan.co.uk/JournalsHome/IJAS/tabid/503/Default.aspx
=856  40$uhttp://www.tandfonline.com/loi/tags20
=859  \\$aELD$bejournal
=852  41$aBritish Library$bHMNTS$jELD Digital store$3Volume 14:Issue 1(2016)-***Previous issues available in print copy
=852  41$aBritish Library$bDSC$j4541.606000$3Volume 9:Issue 1(2011)-Volume 12:Issue 4(2014)***See ESTAR for full holdings.
=945  \\$aInternational journal of agricultural sustainability
=959  \\$fHeld but not currently received
=985  \\$aISSN responsibility transferred from ISSN UK Centre to U.S. ISSN Center Taylor & Francis, Multinational Publisher List, Summer 2016
=CAT  \\$a7152$b40$c20050531$lBLL01$h1624
=CAT  \\$aBATCH-UPD$b00$c20151119$lBLL01$h1534
=CAT  \\$aIPL-CLA$c20151231$lBLL01$h1921
=CAT  \\$a8478$b40$c20160201$lBLL01$h1316
=CAT  \\$a8411$b40$c20160202$lBLL01$h0903
=CAT  \\$a5110$b40$c20160218$lBLL01$h1049
=CAT  \\$a5552$b40$c20160302$lBLL01$h1217
=CAT  \\$a5552$b40$c20160302$lBLL01$h1235
=CAT  \\$aWR16_048$c20160322$lBLL01$h1613
=CAT  \\$aIPL-CLA$c20160331$lBLL01$h1729
=CAT  \\$aBATCH-UPD$b00$c20160523$lBLL01$h1550
=CAT  \\$aW1607-0553$c20160818$lBLL01$h0910
=CAT  \\$aW1607-0553$c20160818$lBLL01$h0915
=CAT  \\$aBATCH-UPD$b00$c20161122$lBLL01$h1505
=CAT  \\$aIPL-CLA$c20161230$lBLL01$h2141
=CAT  \\$aBATCH-UPD$b00$c20171121$lBLL01$h1655
=CAT  \\$aW1711-1005$c20171206$lBLL01$h1817
=CAT  \\$aIPL-CLA$c20171231$lBLL01$h1643
=CAT  \\$aBATCH-UPD$b00$c20181217$lBLL01$h1644
=CAT  \\$aIPL-CLA$c20181231$lBLL01$h1542
=CAT  \\$aBATCH-UPD$b00$c20191122$lBLL01$h1906
=CAT  \\$aIPL-CLA$c20191231$lBLL01$h1933
=CAT  \\$aBATCH-UPD$b00$c20201118$lBLL01$h1340
=CAT  \\$aIPL-CLA$c20201231$lBLL01$h1529
=CAT  \\$aBATCH-UPD$b00$c20221121$lBLL01$h1339
=CAT  \\$aIPL-CLA$c20221231$lBLL01$h1446
=CFI  0\$aCurrent copyright fee: GBP43.00$c2\0$e01-jan-2023$fGBP43.00$g0$hP$5Uk
=CFI  2\$aPrevious copyright fee: GBP41.00$c2\0$e01-jan-2021$fGBP41.00$g0$hP$5Uk
=FFP  \\$aY$bBLDSS-3PM
=FIN  \\$aY$d20050531
=LET  \0$aInternational journal of agricultural sustainability (Electronic)
=LKR  \\$aPAR$b007692672$lBLL01$r776$mInternational journal of agricultural sustainability (Online)$nInternational journal of agricultural sustainability (Print)
=MNI  \\$a1473-5903
=TCO  \\$aCLA$bCLA$c008
=TOC  \\$aETOC
=ACF  \\$aPrevious copyright fee: GBP27.50$c2\0$e26-mar-2013$fGBP27.50$g0$hP$5Uk
=ACF  \\$aPrevious copyright fee: GBP28.00$c2\0$e01-jan-2014$fGBP28.00$g0$hP$5Uk
=ACF  \\$aPrevious copyright fee: GBP30.00$c2\0$e01-jan-2015$fGBP30.00$g0$hP$5Uk
=ACF  \\$aPrevious copyright fee: GBP34.00$c2\0$e01-jan-2016$fGBP34.00$g0$hP$5Uk
=ACF  \\$aPrevious copyright fee: GBP31.00$c2\0$e01-apr-2016$fGBP31.00$g0$hP$5Uk
=ACF  \\$aPrevious copyright fee: GBP33.00$c2\0$e01-jan-2017$fGBP33.00$g0$hP$5Uk
=ACF  \\$aPrevious copyright fee: GBP35.00$c2\0$e01-jan-2018$fGBP35.00$g0$hP$5Uk
=ACF  \\$aPrevious copyright fee: GBP37.00$c2\0$e01-jan-2019$fGBP37.00$g0$hP$5Uk
=ACF  \\$aPrevious copyright fee: GBP39.00$c2\0$e01-jan-2020$fGBP39.00$g0$hP$5Uk
=LAS  \\$aIPL-CLA$b00$c20221231$lBLL01$h1446

