=LDR  04272cas a2201045 a 4500
=001  013285176
=003  Uk
=005  20180604121348.0
=006  m\\\\\\\\d\\\\\\\\
=007  cr\cn|||||||||
=008  061019c20069999enkmr\poo\\\\\0\\\a0eng\d
=FMT  \\$a  SE
=010  \\$a2007247658
=015  \\$aGBA911837$2bnb
=022  0\$a1748-9326$202
=035  \\$a(OCoLC)73693290
=037  \\$aISSN_17489318$bPortico$nInstitute of Physics Publishing
=040  \\$aCGU$cCGU$dCGU$dZYU$dSBH$dDLC$dMUQ$dTXJ$dDLC$dUk
=042  \\$aissnuk$aukblsr
=050  00$aGE1
=082  04$a333.7$222
=210  10$aEnviron. res. lett.
=222  \0$aEnvironmental research letters
=245  00$aEnvironmental research letters$h[electronic resource] :$bERL.
=246  30$aERL
=260  \\$a[Bristol, U.K]. :$bInstitute of Physics and IOP Publishing
=300  \\$billustrations (black and white, and colour), maps (colour)
=310  \\$aMonthly,$b2014-
=321  \\$aQuarterly,$bOct./Dec. 2006-2013
=336  \\$atext$2rdacontent
=337  \\$acomputer$2rdamedia
=338  \\$aonline resource$2rdacarrier
=362  1\$aBegan with Vol. 1, no. 1 (Oct.-Dec. 2006).
=525  \\$aIncludes link to supplementary material including a news archive.
=588  \\$aDescription based on first issue; title from homepage (IOP electronic journals, viewed Oct. 19, 2006).
=588  \\$aLatest issue consulted: volume 10, number 1 (January 2015).
=540  \\$aCurrent copyright fee: zero$c77\0$5Uk
=650  \0$aEnvironmental sciences$vPeriodicals.
=650  \0$aHuman ecology$xResearch$vPeriodicals.
=650  \0$aEnvironmental health$vPeriodicals.
=710  2\$aInstitute of Physics (Great Britain)
=787  08$iCompanion community website:$tEnvironmentalresearchweb
=856  40$uhttp://iopscience.iop.org/1748-9326
=856  40$uhttp://www.iop.org/EJ/toc/1748-9326
=856  \\$31850-9999$uhttp://ioppublishing.org/$xBLDSS
=859  \\$aELD$bejournal
=852  41$aBritish Library$bDSC$j3791.592955$3Vol. 4 (2009)-[2011]
=852  41$aBritish Library$bHMNTS$jELD Digital store$3Volume 10:Number 1(2015:Jan.)-***Previous issues available in print copy
=945  \\$aEnvironmental research letters
=959  \\$fHeld but not currently received
=CAT  \\$a6537$b40$c20050901$lBLL01$h1558
=CAT  \\$a9599$b40$c20090213$lBLL01$h1105
=CAT  \\$aISSN$b40$c20090309$lBLL01$h1445
=CAT  \\$a11249$b40$c20090415$lBLL01$h1235
=CAT  \\$aBATCH-UPD$b40$c20100226$lBLL01$h0143
=CAT  \\$aBATCH-UPD$b40$c20100331$lBLL01$h2337
=CAT  \\$aBATCH-UPD$b40$c20100401$lBLL01$h0254
=CAT  \\$aBATCH$b00$c20100401$lBLL01$h0558
=CAT  \\$aBATCH$b00$c20100401$lBLL01$h1631
=CAT  \\$aBATCH-UPD$b00$c20101124$lBLL01$h1946
=CAT  \\$aBATCH-UPD$b00$c20101125$lBLL01$h1213
=CAT  \\$aIPL-CLA$c20101231$lBLL01$h1516
=CAT  \\$aWR11_203$c20111204$lBLL01$h1509
=CAT  \\$aIPL-CLA$c20111230$lBLL01$h2022
=CAT  \\$a12500$b40$c20120515$lBLL01$h1318
=CAT  \\$aBATCH-CLA$b00$c20121109$lBLL01$h1728
=CAT  \\$a5552$b40$c20121204$lBLL01$h1151
=CAT  \\$a8409$b40$c20121210$lBLL01$h1341
=CAT  \\$aWR14_140$c20140905$lBLL01$h1809
=CAT  \\$aBLDSS-3PM$b00$c20141121$lBLL01$h1820
=CAT  \\$a10876$b40$c20150113$lBLL01$h1346
=CAT  \\$a8323$b40$c20150206$lBLL01$h0905
=CAT  \\$aBATCH-UPD$b40$c20160620$lBLL01$h0200
=CAT  \\$aW1711-1005$c20171206$lBLL01$h1817
=CAT  \\$a5552$b40$c20180604$lBLL01$h1213
=CAT  \\$aIPL-CLA$c20180630$lBLL01$h1917
=CFI  0\$aCurrent copyright fee: zero$c77\0$e01-jul-2018$fGBP0.00$g0$hP$5Uk
=CFI  2\$aPrevious copyright fee: GBP20.00$c77\0$e04-dec-2012$fGBP20.00$g0$hP$5Uk
=FFP  \\$aY$bBLDSS-3PM
=FIN  \\$aY$d20070216
=MNI  \\$a1748-9326
=SID  \\$aZ39$bOCLC
=TCO  \\$aCLA$bCLA$c008
=TOC  \\$aETOC
=UNO  \\$aY
=ACF  \\$aPrevious copyright fee: GBP9.00$c0$e01-apr-2010$fGBP9.00$g0$hA$5Uk
=ACF  \\$aPrevious copyright fee: GBP6.00$c0$e13-feb-2009$fGBP6.00$g0$hA$5Uk
=ACF  \\$aPrevious copyright fee: GBP12.00$c0$e01-jan-2012$fGBP12.00$g0$hA$5Uk
=ACF  \\$aPrevious copyright fee: GBP10.50$c0$e01-jan-2011$fGBP10.50$g0$hA$5Uk
=LAS  \\$aIPL-CLA$b00$c20180630$lBLL01$h1917

