=LDR  04380cas a2201009 a 4500
=001  013351774
=003  Uk
=005  20221020135515.0
=006  m\\\\\o\\d\\\\\\\\
=007  cr\un|||||||||
=008  050614c19uu9999gw\fx\p\o\\\\\0\\\b0eng\d
=FMT  \\$a  SE
=015  \\$aGBB443380$2bnb
=022  0\$a1522-2608$y0936-7195
=037  \\$aISSN_09367195$bPortico$nWiley
=040  \\$aOCLCS$cOCLCS$dUk
=042  \\$aukblsr
=050  \4$aQA1$b.M9753
=082  04$a510.5$222
=130  0\$aMitteilungen der Gesellschaft für Angewandte Mathematik und Mechanik (Online)
=222  \0$aGAMM-Mitteilungen$b(Weinheim)
=245  10$aMitteilungen der Gesellschaft für Angewandte Mathematik und Mechanik$h[electronic resource].
=246  1\$iIssues for 2005- have title:$aGAMM Mitteilungen
=246  13$aGAMM-Mitteilungen,$f<1994>-
=246  13$aMitteilungen,$f<1994>-2004
=260  \\$aBerlin :$bAkademie-Verlag
=264  31$3<1999>-$aWeinheim :$bWiley-VCH Verlag GmbH & Co. KGaA
=310  \\$aTwo no. a year
=336  \\$atext$2rdacontent
=337  \\$acomputer$2rdamedia
=338  \\$aonline resource$2rdacarrier
=588  \\$aDescription based on print version record.
=588  \\$aLatest issue consulted: volume 36, number 2 (October 2013) (Wiley Online Library, viewed April 24, 2014).
=540  \\$aCurrent copyright fee: GBP39.00$c35\0$5Uk
=650  \0$aMathematics$vPeriodicals.
=650  \0$aMechanics, Applied$vPeriodicals.
=710  2\$aGesellschaft für Angewandte Mathematik und Mechanik.
=776  08$iAlso issued in print as:$tMitteilungen der Gesellschaft für Angewandte Mathematik und Mechanik$x0936-7195
=859  \\$aELD$bejournal
=856  \\$31850-9999$uhttp://onlinelibrary.wiley.com/$xBLDSS
=856  40$uhttp://onlinelibrary.wiley.com/journal/10.1002/(ISSN)1522-2608
=852  41$aBritish Library$bHMNTS$jELD Digital store$3Volume 36:Issue 1(2013)-***Previous issues available in print copy
=852  41$aBritish Library$bDSC$j5846.500000$3Volume 30:Issue 1(2007)-Volume 34:Issue 1(2011)***See ESTAR for full holdings.
=945  \\$aMitteilungen- Gesellschaft fur angewandte mathematik und mechanik
=959  \\$fHeld but not currently received
=979  \\$aBritish Library$bDSC$j5846.500000
=CAT  \\$a11281$b40$c20051202$lBLL01$h1353
=CAT  \\$aBATCH-UPD$b40$c20101116$lBLL01$h1335
=CAT  \\$aIPL-CLA$c20101231$lBLL01$h1517
=CAT  \\$a6811$b40$c20120313$lBLL01$h1410
=CAT  \\$aCDS12-UPD$b40$c20120402$lBLL01$h1451
=CAT  \\$aBATCH-CLA$b00$c20121109$lBLL01$h1728
=CAT  \\$a8874$b40$c20130521$lBLL01$h1342
=CAT  \\$a8874$b40$c20130521$lBLL01$h1433
=CAT  \\$a11433$b40$c20140407$lBLL01$h1658
=CAT  \\$a8323$b40$c20140424$lBLL01$h0901
=CAT  \\$aBLDSS-3PM$b00$c20141214$lBLL01$h1523
=CAT  \\$aBATCH-UPD$b00$c20150215$lBLL01$h1657
=CAT  \\$aIPL-CLA$c20150228$lBLL01$h2049
=CAT  \\$aBATCH-UPD$b00$c20160623$lBLL01$h2320
=CAT  \\$aW1711-1005$c20171206$lBLL01$h1818
=CAT  \\$aBATCH-UPD$b00$c20180219$lBLL01$h1748
=CAT  \\$aBATCH-UPD$b00$c20181121$lBLL01$h1622
=CAT  \\$aIPL-CLA$c20181231$lBLL01$h1543
=CAT  \\$a5410$b40$c20190923$lBLL01$h1129
=CAT  \\$a5410$b40$c20191009$lBLL01$h0939
=CAT  \\$aR1911-0245$c20191127$lBLL01$h0823
=CAT  \\$aR1911-0245$c20191127$lBLL01$h1045
=CAT  \\$aIPL-CLA$c20191231$lBLL01$h1936
=CAT  \\$aW2111-0842$c20211208$lBLL01$h1942
=CAT  \\$aIPL-CLA$c20211231$lBLL01$h1543
=CAT  \\$a5410$b40$c20221020$lBLL01$h1355
=CFI  0\$aCurrent copyright fee: GBP39.00$c35\0$e01-jan-2022$fGBP39.00$g0$hP$5Uk
=CFI  2\$aPrevious Copyright Fee: GBP32.00$c35\0$e01-jan-2020$fGBP32.00$g0$hP$5Uk
=FFP  \\$aY$bBLDSS-3PM
=FIN  \\$aY$d20051202
=MNI  \\$a0936-7195
=SID  \\$aZ39$bOCLC
=TCO  \\$aDEU$bVG WORT$c008
=TOC  \\$aETOC
=UNO  \\$aY
=ACF  \\$aCurrent Copyright Fee: GBP17.00$c35\0$e01-apr-2005$fGBP17.00$g0$hP$5Uk
=ACF  \\$aPrevious Copyright Fee: GBP17.00$c35\0$e08-jul-2010$fGBP17.00$g0$hP$5Uk
=ACF  \\$aPrevious copyright fee: GBP22.00$c35\0$e01-jan-2011$fGBP22.00$g0$hP$5Uk
=ACF  \\$aPrevious copyright fee: GBP24.00$c35\0$e01-mar-2015$fGBP24.00$g0$hP$5Uk
=ACF  \\$aPrevious copyright fee: GBP28.00$c35\0$e01-jan-2019$fGBP28.00$g0$hP$5Uk
=LAS  \\$a5410$b40$c20221020$lBLL01$h1355

