=LDR  04632cas a2201081 a 4500
=001  013366948
=003  Uk
=005  20221231144717.0
=006  m\\\\\\\\d\\\\\\\\
=007  cr|un|||||||||
=008  050614c19859999enkqr\pss\\\\\0\\\a0eng\d
=FMT  \\$a  SE
=015  \\$aGBA609394$2bnb
=022  0\$a1943-2178
=037  \\$aISSN_02666286$bPortico$nTaylor & Francis
=040  \\$aOCLCS$cOCLCS$dUk
=042  \\$aukblsr
=050  \4$aNX1$b.W64
=082  04$a700.5$219
=130  0\$aWord & image (Online)
=222  \0$aWord & image$b(London. 1985. Online)
=245  10$aWord & image$h[electronic resource].
=246  3\$aWord and image
=260  \\$aLondon :$bTaylor & Francis
=260  3\$a[Abingdon] :$bRoutledge
=310  \\$aQuarterly
=336  \\$atext$2rdacontent
=337  \\$acomputer$2rdamedia
=338  \\$aonline resource$2rdacarrier
=362  1\$aPrint began with v. 1, no. 1 (Jan.-Mar. 1985).
=500  \\$a"A journal of verbal/visual enquiry."
=588  \\$aDescription based on print version record.
=588  \\$aLatest issue consulted: volume 31, issue 4 (2015) (Taylor & Francis Online, viewed March 15, 2016).
=530  \\$aAlso issued in print.
=540  \\$aCurrent copyright fee: GBP37.00$c2\0$5Uk
=650  \0$aArts$vPeriodicals.
=650  \0$aCommunication in art$vPeriodicals.
=776  1\$tWord & image (London, England)$x0266-6286
=859  \\$aELD$bejournal
=856  \\$31850-9999$uhttp://www.tandfonline.com/$xBLDSS
=856  40$uhttp://www.tandfonline.com/toc/twim20/current
=852  41$aBritish Library$bHMNTS$jELD Digital store$3Volume 32:Issue 1(2016)-
=852  41$aBritish Library$bDSC$j9347.837100$3Volume 25:Issue 1(2009)-Volume 27:Issue 1(2011)***See ESTAR for full holdings.
=945  \\$aWord and image
=959  \\$fHeld but not currently received
=CAT  \\$a11281$b40$c20051221$lBLL01$h0951
=CAT  \\$aBATCH-UPD$b40$c20141124$lBLL01$h1803
=CAT  \\$aBLDSS-3PM$b00$c20141130$lBLL01$h1249
=CAT  \\$aIPL-CLA$c20141231$lBLL01$h1653
=CAT  \\$aBATCH-UPD$b00$c20151119$lBLL01$h1543
=CAT  \\$a10876$b40$c20151203$lBLL01$h1153
=CAT  \\$aIPL-CLA$c20151231$lBLL01$h1923
=CAT  \\$a14448$b40$c20160120$lBLL01$h0945
=CAT  \\$a10973$b40$c20160315$lBLL01$h1146
=CAT  \\$aBATCH-UPD$b40$c20160620$lBLL01$h0207
=CAT  \\$aBATCH-UPD$b40$c20161122$lBLL01$h1512
=CAT  \\$aIPL-CLA$c20161230$lBLL01$h2151
=CAT  \\$aBATCH-UPD$b00$c20171121$lBLL01$h1647
=CAT  \\$aW1711-1005$c20171206$lBLL01$h1819
=CAT  \\$aIPL-CLA$c20171231$lBLL01$h1650
=CAT  \\$aBATCH-UPD$b00$c20181217$lBLL01$h1638
=CAT  \\$aIPL-CLA$c20181231$lBLL01$h1543
=CAT  \\$aBATCH-UPD$b00$c20191122$lBLL01$h1900
=CAT  \\$aIPL-CLA$c20191231$lBLL01$h1937
=CAT  \\$a5410$b40$c20200124$lBLL01$h1448
=CAT  \\$aBATCH-UPD$b40$c20201118$lBLL01$h1334
=CAT  \\$aIPL-CLA$c20201231$lBLL01$h1529
=CAT  \\$a12654$b40$c20211027$lBLL01$h1029
=CAT  \\$a5410$b40$c20211223$lBLL01$h1334
=CAT  \\$aBATCH-UPD$b40$c20221121$lBLL01$h1347
=CAT  \\$aIPL-CLA$c20221231$lBLL01$h1447
=CFI  0\$aCurrent copyright fee: GBP37.00$c2\0$e01-jan-2023$fGBP37.00$g0$hP$5Uk
=CFI  2\$aPrevious copyright fee: GBP35.00$c2\0$e01-jan-2021$fGBP35.00$g0$hP$5Uk
=FFP  \\$aY$bBLDSS-3PM
=FIN  \\$aY$d20051221
=MNI  \\$a0266-6286
=SID  \\$aZ39$bOCLC
=TCO  \\$aCLA$bCLA$c008
=TOC  \\$aETOC
=ACF  \\$aPrevious copyright fee: GBP17.00$c2\0$e01-jan-2010$fGBP17.00$g0$hP$5Uk
=ACF  \\$aPrevious copyright fee: GBP16.00$c2\0$e01-jan-2009$fGBP16.00$g0$hP$5Uk
=ACF  \\$aPrevious copyright fee: GBP15.00$c2\0$e23-dec-2008$fGBP15.00$g0$hP$5Uk
=ACF  \\$aPrevious copyright fee: GBP21.00$c2\0$e01-jan-2011$fGBP21.00$g0$hP$5Uk
=ACF  \\$aPrevious copyright fee: GBP23.00$c2\0$e01-jan-2012$fGBP23.00$g0$hP$5Uk
=ACF  \\$aPrevious copyright fee: GBP23.50$c2\0$e01-jan-2013$fGBP23.50$g0$hP$5Uk
=ACF  \\$aPrevious copyright fee: GBP24.00$c2\0$e01-jan-2014$fGBP24.00$g0$hP$5Uk
=ACF  \\$aPrevious copyright fee: GBP25.00$c2\0$e01-jan-2015$fGBP25.00$g0$hP$5Uk
=ACF  \\$aPrevious copyright fee: GBP26.00$c2\0$e01-jan-2016$fGBP26.00$g0$hP$5Uk
=ACF  \\$aPrevious copyright fee: GBP28.00$c2\0$e01-jan-2017$fGBP28.00$g0$hP$5Uk
=ACF  \\$aPrevious copyright fee: GBP30.00$c2\0$e01-jan-2018$fGBP30.00$g0$hP$5Uk
=ACF  \\$aPrevious copyright fee: GBP32.00$c2\0$e01-jan-2019$fGBP32.00$g0$hP$5Uk
=ACF  \\$aPrevious copyright fee: GBP34.00$c2\0$e01-jan-2020$fGBP34.00$g0$hP$5Uk
=LAS  \\$aIPL-CLA$b00$c20221231$lBLL01$h1447

