=LDR  05149cas a2201081 a 4500
=001  013434280
=003  Uk
=005  20230728121531.0
=006  m\\\\\\\\d\|\\\\\\
=007  cr||||||||||||
=008  060324c20089999enkar\p\s\\\\\0\\\a0eng\\
=FMT  \\$a  SE
=015  \\$aGBA8C7553$2bnb
=022  0\$a1750-9858$y1750-984X
=037  \\$aISSN_1750984X$bPortico$nTaylor & Francis
=040  \\$aUk$beng$cUk$dUk
=042  \\$aukblsr
=082  04$a796.019$222
=130  0\$aInternational review of sport and exercise psychology (Online)
=222  \0$aInternational review of sport and exercise psychology$b(Online)
=245  10$aInternational review of sport and exercise psychology$h[electronic resource].
=246  30$aIRSEP
=260  \\$aAbingdon :$bRoutledge,$c2008-
=310  \\$aAnnual,$b2013-
=321  \\$aSemi-annual,$b2008-2012
=336  \\$atext$2rdacontent
=337  \\$acomputer$2rdamedia
=338  \\$aonline resource$2rdacarrier
=362  0\$aBegan with Vol. 1, issue 1 (2008).
=538  \\$aMode of access: World Wide Web.
=500  \\$aTitle from journal information screen (publisher's Web site, viewed Nov. 6, 2008).
=588  \\$aLatest issue consulted: Volume 8, issue 1 (2015) (Taylor & Francis Online, viewed January 20, 2016).
=540  \\$aCurrent copyright fee: GBP43.00$c2\0$5Uk
=650  \0$aSports$xPsychological aspects$vPeriodicals.
=650  \0$aExercise$xPsychological aspects$vPeriodicals.
=776  08$iAlso issued in print as:$tInternational review of sport and exercise psychology$x1750-984X
=856  \\$31850-9999$uhttp://www.tandfonline.com/$xBLDSS
=856  40$uhttp://www.tandf.co.uk/journals/titles/1750984X.asp
=859  \\$aELD$bejournal
=852  41$aBritish Library$bHMNTS$jELD Digital store$3Volume 9:Issue 1(2016)-***Previous issues available in print copy
=852  41$aBritish Library$bDSC$j4547.744050$3Volume 1:Issue 1(2008)-Volume 4:Issue 2(2011)***See ESTAR for full holdings.
=945  \\$aInternational review of sport and exercise psychology
=959  \\$fHeld but not currently received
=985  \\$aISSN responsibility transferred to the United States ISSN Centre June 2007 (Multinational Publisher Agreement).
=CAT  \\$a11313$b40$c20060324$lBLL01$h0844
=CAT  \\$aBATCH-UPD$b00$c20131119$lBLL01$h2000
=CAT  \\$aIPL-CLA$c20140101$lBLL01$h0002
=CAT  \\$aWR14_140$c20140905$lBLL01$h1811
=CAT  \\$aBATCH-UPD$b00$c20141124$lBLL01$h1803
=CAT  \\$aBLDSS-3PM$b00$c20141130$lBLL01$h1249
=CAT  \\$aIPL-CLA$c20141231$lBLL01$h1654
=CAT  \\$aBATCH-UPD$b00$c20151119$lBLL01$h1544
=CAT  \\$aIPL-CLA$c20151231$lBLL01$h1924
=CAT  \\$a8124$b40$c20160120$lBLL01$h1101
=CAT  \\$a8411$b40$c20160126$lBLL01$h1021
=CAT  \\$aBATCH-UPD$b40$c20161010$lBLL01$h1421
=CAT  \\$aBATCH-UPD$b40$c20161122$lBLL01$h1513
=CAT  \\$aIPL-CLA$c20161230$lBLL01$h2155
=CAT  \\$aBATCH-UPD$b00$c20171121$lBLL01$h1648
=CAT  \\$aW1711-1005$c20171206$lBLL01$h1819
=CAT  \\$aIPL-CLA$c20171231$lBLL01$h1653
=CAT  \\$aBATCH-UPD$b00$c20181217$lBLL01$h1638
=CAT  \\$aIPL-CLA$c20181231$lBLL01$h1544
=CAT  \\$aBATCH-UPD$b00$c20191122$lBLL01$h1900
=CAT  \\$aIPL-CLA$c20191231$lBLL01$h1939
=CAT  \\$aBATCH-UPD$b00$c20201118$lBLL01$h1334
=CAT  \\$aIPL-CLA$c20201231$lBLL01$h1530
=CAT  \\$aBATCH-UPD$b00$c20221121$lBLL01$h1347
=CAT  \\$aIPL-CLA$c20221231$lBLL01$h1447
=CAT  \\$a8055$b40$c20230728$lBLL01$h1215
=CFI  0\$aCurrent copyright fee: GBP43.00$c2\0$e28-jul-2023$fGBP43.00$g0$hP$5Uk
=CFI  2\$aPrevious copyright fee: GBP37.00$c2\0$e01-jan-2023$fGBP37.00$g0$hP$5Uk
=CFI  2\$aPrevious copyright fee: GBP35.00$c2\0$e01-jan-2021$fGBP35.00$g0$hP$5Uk
=FFP  \\$aY$bBLDSS-3PM
=FIN  \\$aY$d20081106
=LET  \0$aInternational review of sport and exercise psychology (Electronic)
=MNI  \\$a1750-984X
=TCO  \\$aCLA$bCLA$c008
=TOC  \\$aETOC
=ACF  \\$aPrevious copyright fee: GBP17.00$c2\0$e01-jan-2010$fGBP17.00$g0$hP$5Uk
=ACF  \\$aPrevious copyright fee: GBP16.00$c2\0$e01-jan-2009$fGBP16.00$g0$hP$5Uk
=ACF  \\$aPrevious Copyright Fee: GBP15.00$c2\0$e01-jan-2008$fGBP15.00$g0$hP$5Uk
=ACF  \\$aPrevious copyright fee: GBP21.00$c2\0$e01-jan-2011$fGBP21.00$g0$hP$5Uk
=ACF  \\$aPrevious copyright fee: GBP23.00$c2\0$e01-jan-2012$fGBP23.00$g0$hP$5Uk
=ACF  \\$aPrevious copyright fee: GBP23.50$c2\0$e01-jan-2013$fGBP23.50$g0$hP$5Uk
=ACF  \\$aPrevious copyright fee: GBP24.00$c2\0$e01-jan-2014$fGBP24.00$g0$hP$5Uk
=ACF  \\$aPrevious copyright fee: GBP25.00$c2\0$e01-jan-2015$fGBP25.00$g0$hP$5Uk
=ACF  \\$aPrevious copyright fee: GBP26.00$c2\0$e01-jan-2016$fGBP26.00$g0$hP$5Uk
=ACF  \\$aPrevious copyright fee: GBP28.00$c2\0$e01-jan-2017$fGBP28.00$g0$hP$5Uk
=ACF  \\$aPrevious copyright fee: GBP30.00$c2\0$e01-jan-2018$fGBP30.00$g0$hP$5Uk
=ACF  \\$aPrevious copyright fee: GBP32.00$c2\0$e01-jan-2019$fGBP32.00$g0$hP$5Uk
=ACF  \\$aPrevious copyright fee: GBP34.00$c2\0$e01-jan-2020$fGBP34.00$g0$hP$5Uk
=LAS  \\$a8055$b40$c20230728$lBLL01$h1215

