=LDR  05396cas a2201129 a 4500
=001  013521930
=003  Uk
=005  20221231144746.0
=006  m\\\\\\\\d\\\\\\\\
=007  cr\|||||||||||
=008  070709c20089999enktr\p\s\\\\\0\\\a0eng\c
=FMT  \\$a  SE
=010  \\$a2007213149
=015  \\$aGBA8C7574$2bnb
=022  \\$a1752-0851$y1752-0843
=035  \\$a(OCoLC)153919677
=037  \\$aISSN_17520843$bPortico$nTaylor & Francis
=040  \\$aNSD$cNSD$dNSD$dBUF$dOCLCS$dUk
=042  \\$aukblsr
=050  \4$aHG1496
=082  04$a330.91724$223
=130  0\$aMacroeconomics and finance in emerging market economies (Online)
=222  \0$aMacroeconomics and finance in emerging market economies$b(Online)
=245  10$aMacroeconomics and finance in emerging market economies$h[electronic resource].
=260  \\$aAbingdon :$bRoutledge, Taylor & Francis Group,$c2008-
=310  \\$aThree times a year,$b2015-
=321  \\$aTwo issues per year,$b-2014
=336  \\$atext$2rdacontent
=337  \\$acomputer$2rdamedia
=338  \\$aonline resource$2rdacarrier
=362  1\$aBegan with v. 1, no. 1 (Mar. 2008).
=500  \\$aDescription based on: Vol. 1, no. 1 (March 2008); title from cover image (informaworld, viewed September 23, 2008).
=588  \\$aLatest issue consulted: volume 9, issue 1 (2016), Taylor & Francis Online, viewed March 15, 2016.
=540  \\$aCurrent copyright fee: GBP37.00$c2\0$5Uk
=651  \0$aDeveloping countries$xEconomic policy$vPeriodicals.
=650  \0$aMonetary policy$zDeveloping countries$vPeriodicals.
=650  \0$aFinance$zDeveloping countries$vPeriodicals.
=690  7\$aManagement and Business Studies$2blcoll
=776  08$iAlso issued in print:$tMacroeconomics and finance in emerging market economies$x1752-0843
=859  \\$aELD$bejournal
=856  \\$31850-9999$uhttp://www.tandfonline.com/$xBLDSS
=856  40$uhttp://www.tandfonline.com/loi/reme20#.VufoC1Lcuic
=856  40$uhttp://ejournals.ebsco.com/direct.asp?JournalID=715486
=856  40$uhttp://www.informaworld.com/openurl?genre=journal&issn=1752-0843
=852  41$aBritish Library$bHMNTS$jELD Digital store$3Volume 9:Issue 1(2016)-***Previous issues available in print copy
=852  41$aBritish Library$bDSC$j5330.395500$3Volume 1:Issue 1(2008)-Volume 4:Issue 2(2011)***See ESTAR for full holdings.
=945  \\$aMacroeconomics and finance in emerging market economies
=959  \\$fHeld but not currently received
=985  \\$aISSN responsibility transferred to the United States ISSN Centre June 2007 (Multinational Publisher Agreement).
=CAT  \\$a6537$b40$c20060801$lBLL01$h1441
=CAT  \\$aBATCH-UPD$b00$c20131119$lBLL01$h2000
=CAT  \\$aIPL-CLA$c20140101$lBLL01$h0006
=CAT  \\$aBATCH-UPD$b00$c20141124$lBLL01$h1803
=CAT  \\$aBLDSS-3PM$b00$c20141130$lBLL01$h1249
=CAT  \\$aIPL-CLA$c20141231$lBLL01$h1654
=CAT  \\$aBATCH-UPD$b00$c20151119$lBLL01$h1544
=CAT  \\$aIPL-CLA$c20151231$lBLL01$h1924
=CAT  \\$a14448$b40$c20160113$lBLL01$h0909
=CAT  \\$a14412$b40$c20160201$lBLL01$h1605
=CAT  \\$a11315$b40$c20160315$lBLL01$h1047
=CAT  \\$a11315$b40$c20160315$lBLL01$h1525
=CAT  \\$aBATCH-UPD$b40$c20160726$lBLL01$h1805
=CAT  \\$aBATCH-UPD$b40$c20161122$lBLL01$h1513
=CAT  \\$aIPL-CLA$c20161230$lBLL01$h2200
=CAT  \\$aBATCH-UPD$b00$c20171121$lBLL01$h1648
=CAT  \\$aW1711-1005$c20171206$lBLL01$h1819
=CAT  \\$aIPL-CLA$c20171231$lBLL01$h1656
=CAT  \\$aBATCH-UPD$b00$c20181217$lBLL01$h1638
=CAT  \\$aIPL-CLA$c20181231$lBLL01$h1544
=CAT  \\$aBATCH-UPD$b00$c20191122$lBLL01$h1901
=CAT  \\$aIPL-CLA$c20191231$lBLL01$h1940
=CAT  \\$aBATCH-UPD$b00$c20201118$lBLL01$h1334
=CAT  \\$aIPL-CLA$c20201231$lBLL01$h1530
=CAT  \\$aBATCH-UPD$b00$c20221121$lBLL01$h1347
=CAT  \\$aIPL-CLA$c20221231$lBLL01$h1447
=CFI  0\$aCurrent copyright fee: GBP37.00$c2\0$e01-jan-2023$fGBP37.00$g0$hP$5Uk
=CFI  2\$aPrevious copyright fee: GBP35.00$c2\0$e01-jan-2021$fGBP35.00$g0$hP$5Uk
=FFP  \\$aY$bBLDSS-3PM
=FIN  \\$aY$d20081106
=LET  \0$aMacroeconomics and finance in emerging market economies (Electronic)
=MNI  \\$a1752-0843
=SID  \\$aZ39$bOCLC
=TCO  \\$aCLA$bCLA$c008
=TOC  \\$aETOC
=ACF  \\$aPrevious copyright fee: GBP17.00$c2\0$e21-jan-2010$fGBP17.00$g0$hP$5Uk
=ACF  \\$aCurrent copyright fee: GBP12.50$c2\0$e28-oct-2008$fGBP12.50$g0$hP$5Uk
=ACF  \\$aPrevious copyright fee: GBP21.00$c2\0$e01-jan-2011$fGBP21.00$g0$hP$5Uk
=ACF  \\$aPrevious copyright fee: GBP23.00$c2\0$e01-jan-2012$fGBP23.00$g0$hP$5Uk
=ACF  \\$aPrevious copyright fee: GBP23.50$c2\0$e01-jan-2013$fGBP23.50$g0$hP$5Uk
=ACF  \\$aPrevious copyright fee: GBP24.00$c2\0$e01-jan-2014$fGBP24.00$g0$hP$5Uk
=ACF  \\$aPrevious copyright fee: GBP25.00$c2\0$e01-jan-2015$fGBP25.00$g0$hP$5Uk
=ACF  \\$aPrevious copyright fee: GBP26.00$c2\0$e01-jan-2016$fGBP26.00$g0$hP$5Uk
=ACF  \\$aPrevious copyright fee: GBP28.00$c2\0$e01-jan-2017$fGBP28.00$g0$hP$5Uk
=ACF  \\$aPrevious copyright fee: GBP30.00$c2\0$e01-jan-2018$fGBP30.00$g0$hP$5Uk
=ACF  \\$aPrevious copyright fee: GBP32.00$c2\0$e01-jan-2019$fGBP32.00$g0$hP$5Uk
=ACF  \\$aPrevious copyright fee: GBP34.00$c2\0$e01-jan-2020$fGBP34.00$g0$hP$5Uk
=LAS  \\$aIPL-CLA$b00$c20221231$lBLL01$h1447

