=LDR  04751cas a2201069 a 4500
=001  013538216
=003  Uk
=005  20230314145817.0
=006  m\\\\\o\\d\\\\\\\\
=007  cr\|||||||||||
=008  050519c20069999nyumr\pso\\\\\0\\\a0eng\c
=FMT  \\$a  SE
=010  \\$a  2005214846
=015  \\$aGBB578900$2bnb
=016  7\$a2223437-8$2DE-600
=022  0\$a1556-1380$y1556-0864
=035  \\$a(OCoLC)60404266
=037  \\$aISSN_15560864$bPortico$nLippincott Williams & Wilkins
=040  \\$aNSDP$beng$cNSDP$dOCoLC$dPPiU$dOCoLC$dNSDP$dOCoLC$dHEBIS$dOCoLC$dUk
=042  \\$aukblsr
=082  04$a616.99494005$223
=130  0\$aJournal of thoracic oncology (Online)
=210  0\$aJ. thorac. oncol.$b(Online)
=222  \0$aJournal of thoracic oncology$b(Online)
=245  10$aJournal of thoracic oncology$h[electronic resource].
=246  13$aJTO
=260  \\$a[Philadelphia, Pa.] :$bLippincott Williams & Wilkins [for] International Association for the Study of Lung Cancer,$c2006-
=264  31$a[New York] :$bElsevier
=310  \\$aMonthly
=336  \\$atext$2rdacontent
=337  \\$acomputer$2rdamedia
=338  \\$aonline resource$2rdacarrier
=362  0\$aVol. 1 (1) (Jan. 2006)-
=500  \\$aTitle from issue table of contents (Ovid Web site, viewed Apr. 12, 2006).
=530  \\$aAlso issued in print.
=550  \\$aOfficial scientific publication of the International Association for the Study of Lung Cancer.
=588  \\$aLatest issue consulted: volume 11, issue 5 (May 2016) (ScienceDirect, viewed April 28, 2016).
=540  \\$aCurrent copyright fee: GBP34.30$c5\1$5Uk
=650  \0$aChest$xCancer$vPeriodicals.
=650  \2$aThoracic Neoplasms$vPeriodicals.
=710  2\$aInternational Association for the Study of Lung Cancer.
=776  1\$tJournal of thoracic oncology$x1556-0864
=859  \\$aELD$bejournal
=856  \\$31850-9999$uhttp://journals.lww.com/pages/default.aspx$xBLDSS
=856  40$uhttp://gateway.ovid.com/ovidweb.cgi?T=JS&MODE=ovid&NEWS=n&PAGE=toc&D=ovft&AN=01243894-000000000-00000
=856  40$uhttp://gateway.ovid.com/ovidweb.cgi?T=JS&MODE=ovid&PAGE=toc&D=ovft&AN=01243894-200601000-00001
=856  40$uhttp://www.sciencedirect.com/science/journal/15560864/
=852  \\$aBritish Library$bDSC$j5069.124000$3Volume 11:Issue 1(2016)-Volume 12:Issue 12(2017)***See ESTAR for full holdings.
=852  41$aBritish Library$bSTI$jELD Digital store$3Volume 10:Issue 1(2015)-Volume 11:Issue 12(2016)***Previous issues available in print copy
=945  \\$aJournal of thoracic oncology.
=959  \\$fHeld but not currently received
=979  \\$aBritish Library$bDSC$j5069.124000
=CAT  \\$a5270$b40$c20060823$lBLL01$h0907
=CAT  \\$a8456$b40$c20110527$lBLL01$h1418
=CAT  \\$aWR12_168$c20121206$lBLL01$h1817
=CAT  \\$a10876$b40$c20150528$lBLL01$h1434
=CAT  \\$a11316$b40$c20150618$lBLL01$h1111
=CAT  \\$a11316$b40$c20150618$lBLL01$h1227
=CAT  \\$aBATCH-CLA$b00$c20150828$lBLL01$h1543
=CAT  \\$aIPL-CLA$c20150930$lBLL01$h1813
=CAT  \\$a5552$b40$c20151112$lBLL01$h1125
=CAT  \\$aBLDSS-3PM$b00$c20151123$lBLL01$h1623
=CAT  \\$a5552$b40$c20151211$lBLL01$h0837
=CAT  \\$a8439$b40$c20160107$lBLL01$h1424
=CAT  \\$aBATCH-UPD$b40$c20160413$lBLL01$h1821
=CAT  \\$a8124$b40$c20160428$lBLL01$h1108
=CAT  \\$aBATCH-UPD$b40$c20160605$lBLL01$h0043
=CAT  \\$a5552$b40$c20170403$lBLL01$h1432
=CAT  \\$a5552$b40$c20170413$lBLL01$h1040
=CAT  \\$aBATCH-UPD$b40$c20171121$lBLL01$h1746
=CAT  \\$aW1711-1005$c20171206$lBLL01$h1819
=CAT  \\$aIPL-CLA$c20171231$lBLL01$h1657
=CAT  \\$aW1805-0471$c20180520$lBLL01$h1139
=CAT  \\$aBATCH-UPD$b00$c20190521$lBLL01$h1438
=CAT  \\$aIPL-CLA$c20190630$lBLL01$h1536
=CAT  \\$aBATCH-UPD$b00$c20211119$lBLL01$h1555
=CAT  \\$aIPL-CLA$c20211231$lBLL01$h1543
=CAT  \\$a5410$b40$c20230314$lBLL01$h1458
=CFI  0\$aCurrent copyright fee: GBP34.30$c5\1$e01-jan-2022$fGBP34.30$g0$hP$5Uk
=CFI  2\$aPrevious copyright fee: GBP32.84$c5\1$e01-jul-2019$fGBP32.84$g0$hP$5Uk
=FFP  \\$aY$bBLDSS-3PM
=FIN  \\$aY$d20150618
=LET  \0$aJournal of thoracic oncology (Electronic)
=LKR  \\$aPAR$b013758383$lBLL01$nJournal of thoracic oncology (Print)$mJournal of thoracic oncology (Online)$r776
=MNI  \\$a1556-0864
=SRC  \\$aBLL02
=TCO  \\$aTRS$bCCC$c008
=TOC  \\$aETOC
=ACF  \\$aPrevious copyright fee: GBP30.32$c20\0$e01-oct-2015$fGBP30.32$g0$hP$5Uk
=ACF  \\$aPrevious copyright fee: GBP22.50$c5\1$e11-dec-2015$fGBP22.50$g0$hP$5Uk
=ACF  \\$aPrevious copyright fee: GBP23.40$c5\1$e01-jan-2018$fGBP23.40$g0$hP$5Uk
=LAS  \\$a5410$b40$c20230314$lBLL01$h1458

