=LDR  04452cas a2201069 a 4500
=001  013543124
=003  Uk
=005  20230206141450.0
=006  m\\\\\o\\d\\\\\\\\
=007  cr\cnu||||||||
=008  070206c20079999paubr\pso\\\\\0\\\a0eng\c
=FMT  \\$a  SE
=010  \\$a  2007247755
=015  \\$aGBB566527$2bnb
=022  \\$a1752-2978
=035  \\$a(OCoLC)82142866
=037  \\$aISSN_1752296X$bPortico$nLippincott Williams & Wilkins
=040  \\$aFHM$beng$cFHM$dFHM$dPFM$dMUQ$dOCLCQ$dOCLCF$dOCLCO$dUk
=042  \\$aukblsr
=082  04$a616.4$223
=130  0\$aCurrent opinion in endocrinology, diabetes and obesity (Online)
=210  0\$aCurr. opin. endocrinol. diabetes obes.$b(Online)
=222  \0$aCurrent opinion in endocrinology, diabetes and obesity$b(Online)
=245  10$aCurrent opinion in endocrinology, diabetes and obesity$h[electronic resource].
=246  30$aCurrent opinion in endocrinology, diabetes & obesity
=260  \\$a[Philadelphia, PA] :$bLippincott Williams & Wilkins,$c2007-
=310  \\$aBimonthly
=336  \\$atext$2rdacontent
=337  \\$acomputer$2rdamedia
=338  \\$aonline resource$2rdacarrier
=362  0\$aVol. 14, no. 1 (Feb. 2007)-
=500  \\$aTitle from journal information screen.
=530  \\$aAlso issued in print.
=538  \\$aMode of access: World Wide Web.
=588  \\$aLatest issue consulted: volume 22, issue 3 (June 2015) (Wolters Kluwer Health, viewed May 22, 2015).
=540  \\$aCurrent copyright fee: GBP32.00$c20\0$5Uk
=650  \0$aEndocrinology$vPeriodicals.
=650  \0$aDiabetes$vPeriodicals.
=650  \0$aObesity$vPeriodicals.
=650  \2$aDiabetes Mellitus$vPeriodicals.
=650  \2$aEndocrine System Diseases$vPeriodicals.
=650  \2$aEndocrine Glands$vPeriodicals.
=650  \2$aObesity$vPeriodicals.
=650  \6$aEndocrinologie$vPériodiques.
=650  \6$aDiabète$vPériodiques.
=650  \6$aObésité$vPériodiques.
=650  \7$aDiabetes.$2fast$0(OCoLC)fst00892147
=650  \7$aEndocrinology.$2fast$0(OCoLC)fst00909749
=650  \7$aObesity.$2fast$0(OCoLC)fst01042738
=655  \7$aPeriodicals.$2fast$0(OCoLC)fst01411641
=776  1\$tCurrent opinion in endocrinology, diabetes and obesity$x1752-296X
=780  00$tCurrent opinion in endocrinology and diabetes (Online)$x1531-7064
=859  \\$aELD$bejournal
=856  \\$31850-9999$uhttp://journals.lww.com/pages/default.aspx$xBLDSS
=856  40$uhttp://gateway.ovid.com/ovidweb.cgi?T=JS&MODE=ovid&PAGE=toc&D=ovft&AN=01266029-000000000-00000
=856  40$uhttp://www.co-endocrinology.com
=852  41$aBritish Library$bSTI$jELD Digital store$3Volume 22:Issue 1(2015:Feb.)-***Previous issues available in print copy
=852  \\$aBritish Library$bDSC$j3500.774250$3Volume 28:Issue 1(2021)-
=945  \\$aCurrent opinion in endocrinology diabetes and obesity
=959  \\$fCurrently received
=985  \\$aISSN responsibility transferred to U.S. Center - 4/11/2015
=CAT  \\$a11316$b40$c20060830$lBLL01$h1543
=CAT  \\$a6537$b40$c20070215$lBLL01$h0905
=CAT  \\$a11316$b40$c20150515$lBLL01$h1403
=CAT  \\$a10902$b40$c20150520$lBLL01$h1342
=CAT  \\$a11316$b40$c20150522$lBLL01$h1433
=CAT  \\$aBATCH-CLA$b00$c20150529$lBLL01$h1529
=CAT  \\$aIPL-CLA$c20150630$lBLL01$h1652
=CAT  \\$a11316$b40$c20151104$lBLL01$h0909
=CAT  \\$a5552$b40$c20160122$lBLL01$h1151
=CAT  \\$aBLDSS-3PM$b00$c20160201$lBLL01$h1812
=CAT  \\$aBATCH-UPD$b00$c20160217$lBLL01$h1712
=CAT  \\$aIPL-CLA$c20160331$lBLL01$h1735
=CAT  \\$aBATCH-UPD$b00$c20160413$lBLL01$h1821
=CAT  \\$aBATCH-UPD$b00$c20160524$lBLL01$h2157
=CAT  \\$aBATCH-UPD$b00$c20160524$lBLL01$h2250
=CAT  \\$a5552$b40$c20170127$lBLL01$h1202
=CAT  \\$aW1711-1005$c20171206$lBLL01$h1819
=CAT  \\$a12654$b40$c20210317$lBLL01$h0807
=CAT  \\$a10806$b40$c20210622$lBLL01$h1101
=CAT  \\$a8874$b40$c20230206$lBLL01$h1414
=CFI  0\$aCurrent copyright fee: GBP32.00$c20\0$e01-apr-2016$fGBP32.00$g0$hP$5Uk
=CFI  2\$aPrevious copyright fee: GBP30.32$c20\0$e22-jan-2016$fGBP30.32$g0$hP$5Uk
=FFP  \\$aY$bBLDSS-3PM
=FIN  \\$aY$d20070215
=LET  \0$aCurrent opinion in endocrinology, diabetes and obesity (Electronic)
=MNI  \\$a1752-296X
=SID  \\$aZ39$bOCLC
=TCO  \\$aCLA$bCLA$c008
=TOC  \\$aETOC
=UNO  \\$aY
=LAS  \\$a8874$b40$c20230206$lBLL01$h1414

