=LDR  05066cas a2201105 a 4500
=001  013590823
=003  Uk
=005  20221231144758.0
=006  m\\\\\\\\d\\\\\\\\
=007  cr\|||||||||||
=008  070710c20089999enkbr\p\o\\\\\0\\\a0eng\c
=FMT  \\$a  SE
=010  \\$a2007213169
=015  \\$aGBA8C7497$2bnb
=022  0\$a1753-0369$y1753-0350
=035  \\$a(OCoLC)154201383
=037  \\$aISSN_17530350$bPortico$nTaylor & Francis
=040  \\$aNSD$cNSD$dMUQ$dOCLCS$dBUF$dUk
=042  \\$aukblsr
=082  04$a306.3$222
=130  0\$aJournal of cultural economy (Online)
=222  \0$aJournal of cultural economy$b(Online)
=245  10$aJournal of cultural economy$h[electronic resource].
=260  \\$aAbingdon :$bRoutledge
=310  \\$aBimonthly,$b2015-
=321  \\$aQuarterly,$b2011-2014
=321  \\$aThree issues yearly,$b-2010
=336  \\$atext$2rdacontent
=337  \\$acomputer$2rdamedia
=338  \\$aonline resource$2rdacarrier
=362  1\$aBegan with vol. 1, issue 1 (March 2008).
=500  \\$aDescription based on: vol. 1, issue 1 (March 2008); title from available issues screen (informaworld, viewed October 3, 2008).
=588  \\$aLatest issue consulted: volume 8, issue 6 (2015)(Taylor & Francis Online, viewed January 12, 2016).
=540  \\$aCurrent copyright fee: GBP37.00$c2\0$5Uk
=650  \0$aEconomics$xSociological aspects$vPeriodicals.
=650  \0$aEthnology$vPeriodicals.
=690  7\$aManagement and Business Studies$2blcoll
=776  08$iAlso issued in print:$tJournal of cultural economy$x1753-0350
=859  \\$aELD$bejournal
=856  \\$31850-9999$uhttp://www.tandfonline.com/$xBLDSS
=856  40$uhttp://www.informaworld.com/openurl?genre=journal&issn=1753-0350
=856  40$uhttp://www.tandfonline.com/toc/rjce20/current
=852  41$aBritish Library$bHMNTS$jELD Digital store$3Volume 9:Issue 1(2016)-***Previous issues available in print copy
=852  41$aBritish Library$bDSC$j4965.843050$3Volume 1:Issue 1(2008)-Volume 4:Issue 4(2011)***See ESTAR for full holdings.
=945  \\$aJournal of cultural economy
=959  \\$fHeld but not currently received
=985  \\$aISSN responsibility transferred to the United States ISSN Centre June 2007 (Multinational Publisher Agreement).
=CAT  \\$a8128$b40$c20061031$lBLL01$h1723
=CAT  \\$aIPL-CLA$c20121231$lBLL01$h1321
=CAT  \\$aIPL-CLA$c20130102$lBLL01$h1748
=CAT  \\$aBATCH-UPD$b00$c20131119$lBLL01$h2000
=CAT  \\$aIPL-CLA$c20140101$lBLL01$h0010
=CAT  \\$aBATCH-UPD$b00$c20141124$lBLL01$h1803
=CAT  \\$aBLDSS-3PM$b00$c20141130$lBLL01$h1249
=CAT  \\$aIPL-CLA$c20141231$lBLL01$h1655
=CAT  \\$aBATCH-UPD$b00$c20151119$lBLL01$h1544
=CAT  \\$aIPL-CLA$c20151231$lBLL01$h1924
=CAT  \\$a8483$b40$c20160112$lBLL01$h1043
=CAT  \\$a11433$b40$c20160123$lBLL01$h0922
=CAT  \\$aBATCH-UPD$b40$c20160726$lBLL01$h1758
=CAT  \\$aBATCH-UPD$b40$c20161122$lBLL01$h1513
=CAT  \\$aIPL-CLA$c20161230$lBLL01$h2205
=CAT  \\$aBATCH-UPD$b00$c20171121$lBLL01$h1648
=CAT  \\$aW1711-1005$c20171206$lBLL01$h1819
=CAT  \\$aIPL-CLA$c20171231$lBLL01$h1659
=CAT  \\$aBATCH-UPD$b00$c20181217$lBLL01$h1638
=CAT  \\$aIPL-CLA$c20181231$lBLL01$h1544
=CAT  \\$aBATCH-UPD$b00$c20191122$lBLL01$h1901
=CAT  \\$aIPL-CLA$c20191231$lBLL01$h1942
=CAT  \\$aBATCH-UPD$b00$c20201118$lBLL01$h1334
=CAT  \\$aIPL-CLA$c20201231$lBLL01$h1530
=CAT  \\$aBATCH-UPD$b00$c20221121$lBLL01$h1347
=CAT  \\$aIPL-CLA$c20221231$lBLL01$h1447
=CFI  0\$aCurrent copyright fee: GBP37.00$c2\0$e01-jan-2023$fGBP37.00$g0$hP$5Uk
=CFI  2\$aPrevious copyright fee: GBP35.00$c2\0$e01-jan-2021$fGBP35.00$g0$hP$5Uk
=FFP  \\$aY$bBLDSS-3PM
=FIN  \\$aY$d20081105
=MNI  \\$a1753-0350
=SID  \\$aZ39$bOCLC
=TCO  \\$aCLA$bCLA$c008
=TOC  \\$aETOC
=ACF  \\$aPrevious copyright fee: GBP17.00$c2\0$e21-jan-2010$fGBP17.00$g0$hP$5Uk
=ACF  \\$aCurrent copyright fee: GBP12.50$c2\0$e28-oct-2008$fGBP12.50$g0$hP$5Uk
=ACF  \\$aCurrent copyright fee: GBP6.00$c0$e15-may-2008$fGBP6.00$g0$hA$5Uk
=ACF  \\$aPrevious copyright fee: GBP21.00$c2\0$e01-jan-2011$fGBP21.00$g0$hP$5Uk
=ACF  \\$aPrevious copyright fee: GBP23.00$c2\0$e01-jan-2012$fGBP23.00$g0$hP$5Uk
=ACF  \\$aPrevious copyright fee: GBP23.50$c2\0$e01-jan-2013$fGBP23.50$g0$hP$5Uk
=ACF  \\$aPrevious copyright fee: GBP24.00$c2\0$e01-jan-2014$fGBP24.00$g0$hP$5Uk
=ACF  \\$aPrevious copyright fee: GBP25.00$c2\0$e01-jan-2015$fGBP25.00$g0$hP$5Uk
=ACF  \\$aPrevious copyright fee: GBP26.00$c2\0$e01-jan-2016$fGBP26.00$g0$hP$5Uk
=ACF  \\$aPrevious copyright fee: GBP28.00$c2\0$e01-jan-2017$fGBP28.00$g0$hP$5Uk
=ACF  \\$aPrevious copyright fee: GBP30.00$c2\0$e01-jan-2018$fGBP30.00$g0$hP$5Uk
=ACF  \\$aPrevious copyright fee: GBP32.00$c2\0$e01-jan-2019$fGBP32.00$g0$hP$5Uk
=ACF  \\$aPrevious copyright fee: GBP34.00$c2\0$e01-jan-2020$fGBP34.00$g0$hP$5Uk
=LAS  \\$aIPL-CLA$b00$c20221231$lBLL01$h1447

