=LDR  05133cas a2201117 a 4500
=001  013590846
=003  Uk
=005  20230520112300.0
=006  m\\\\\\\\d\|\\\\\\
=007  cr||||||||||||
=008  061101c19879999xxuqr\p\o\\\\\0\\\a0eng\\
=FMT  \\$a  SE
=015  \\$aGBB0A5991$2bnb
=022  0\$a1753-0377$y0892-7936
=037  \\$aISSN_08927936_21$bPortico$nTaylor & Francis
=040  \\$aUk$beng$cUk$dUk
=042  \\$aukblsr
=082  04$a636.0887$222
=130  0\$aAnthrozoös (Online)
=210  0\$aAnthrozoös$b(Online)
=222  \0$aAnthrozoös$b(Online)
=245  10$aAnthrozoös$h[electronic resource].
=260  \\$aHanover, N.H. :$bPublished by University Press of New England for Delta Society,$c1987-
=260  2\$aHanover, N.H. :$bPublished by University Press of New England for International Society for Anthrozoology
=260  2\$32007-$aOxford :$bPublished by Berg for International Society for Anthrozoology
=264  21$a[London] :$b[Bloomsbury Publishing Plc]
=264  31$32015-$a[Philadelphia?] :$bRoutledge
=310  \\$aQuarterly
=336  \\$atext$2rdacontent
=337  \\$acomputer$2rdamedia
=338  \\$aonline resource$2rdacarrier
=362  1\$aPrint began with v. 1, no. 1 (summer 1987).
=500  \\$a"A multidisciplinary journal of the interactions of people and animals."--Journal home page.
=500  \\$aPublished: Renton, WA : Delta Society, <1995- >; West Lafayette, IN. : Purdue Univ. Press, <2002- >.
=550  \\$aOfficial journal of: Delta Society, 1987-<1995>; International Society for Anthrozoology, <2002>-
=580  \\$aOriginal print version of this title was preceded by an earlier title: Journal of the Delta Society.
=588  \\$aDescription based on print version record.
=588  \\$aLatest issue consulted: volume 28, issue 4 (2015) (Taylor & Francis Online, viewed December 16, 2015).
=540  \\$aCurrent copyright fee: GBP37.00$c2\0$5Uk
=650  \0$aFood$xSocial aspects$vPeriodicals.
=650  \0$aNutrition policy$vPeriodicals.
=710  2\$aInternational Society for Anthrozoology.
=710  2\$aDelta Society.
=776  08$iAlso issued in print as:$tAnthrozoös$x0892-7936
=859  \\$aELD$bejournal
=856  \\$31850-9999$uhttp://www.tandfonline.com/$xBLDSS
=856  40$uhttp://www.bergpublishers.com/BergJournals/Anthrozoös/tabid/519/Default.aspx
=856  40$uhttp://www.ingentaconnect.com/content/berg/anthroz
=856  40$uhttp://www.tandfonline.com/loi/rfan20#.VYgPnVLbJ0M
=852  \\$aBritish Library$bDSC$j1546.670000$3Volume 29:Issue 1(2016)-Volume 30:Issue 4(2017)***See ESTAR for full holdings.
=852  41$aBritish Library$bHMNTS$jELD Digital store$3Volume 8:Number 1(1995)-
=945  \\$aAnthrozoos -Philadelphia-
=959  \\$fHeld but not currently received
=979  \\$aBritish Library$bDSC$j1546.670000
=985  \\$aISSN responsibility transferred to U.S. Center, 22.06.15.
=CAT  \\$a6537$b40$c20061101$lBLL01$h0758
=CAT  \\$aWR15_120$c20150910$lBLL01$h1825
=CAT  \\$a8464$b40$c20151203$lBLL01$h1111
=CAT  \\$a8464$b40$c20151203$lBLL01$h1125
=CAT  \\$a8323$b40$c20151216$lBLL01$h1442
=CAT  \\$a8037$b40$c20160121$lBLL01$h1205
=CAT  \\$a12654$b40$c20160223$lBLL01$h0916
=CAT  \\$a12654$b40$c20160223$lBLL01$h0918
=CAT  \\$aBLDSS-3PM$b00$c20160302$lBLL01$h1647
=CAT  \\$aBATCH-UPD$b00$c20160413$lBLL01$h1821
=CAT  \\$aBATCH-UPD$b00$c20160525$lBLL01$h1750
=CAT  \\$aBATCH-UPD$b00$c20161122$lBLL01$h1513
=CAT  \\$aIPL-CLA$c20161230$lBLL01$h2205
=CAT  \\$aBATCH-UPD$b00$c20171121$lBLL01$h1648
=CAT  \\$aW1711-1005$c20171206$lBLL01$h1819
=CAT  \\$aIPL-CLA$c20171231$lBLL01$h1659
=CAT  \\$aBATCH-UPD$b00$c20181217$lBLL01$h1638
=CAT  \\$aIPL-CLA$c20181231$lBLL01$h1544
=CAT  \\$aW1811-111$c20190203$lBLL01$h0956
=CAT  \\$aBATCH-UPD$b00$c20191122$lBLL01$h1901
=CAT  \\$aIPL-CLA$c20191231$lBLL01$h1942
=CAT  \\$aBATCH-UPD$b00$c20201118$lBLL01$h1334
=CAT  \\$aIPL-CLA$c20201231$lBLL01$h1530
=CAT  \\$aBATCH-UPD$b00$c20221121$lBLL01$h1347
=CAT  \\$aIPL-CLA$c20221231$lBLL01$h1447
=CAT  \\$a5410$b40$c20230520$lBLL01$h1123
=CFI  0\$aCurrent copyright fee: GBP37.00$c2\0$e01-jan-2023$fGBP37.00$g0$hP$5Uk
=CFI  2\$aPrevious copyright fee: GBP35.00$c2\0$e01-jan-2021$fGBP35.00$g0$hP$5Uk
=FFP  \\$aY$bBLDSS-3PM
=FIN  \\$aY$d20070321
=LET  \0$aAnthrozoös (Electronic)
=MNI  \\$a0892-7936
=TCO  \\$aCLA$bCLA$c008
=TOC  \\$aETOC
=ACF  \\$aCurrent Copyright Fee: GBP15.00$c0$e30-jan-2014$fGBP15.00$g0$hC$5Uk
=ACF  \\$aPrevious copyright fee: GBP26.00$c2\0$e23-feb-2016$fGBP26.00$g0$hP$5Uk
=ACF  \\$aPrevious copyright fee: GBP28.00$c2\0$e01-jan-2017$fGBP28.00$g0$hP$5Uk
=ACF  \\$aPrevious copyright fee: GBP30.00$c2\0$e01-jan-2018$fGBP30.00$g0$hP$5Uk
=ACF  \\$aPrevious copyright fee: GBP32.00$c2\0$e01-jan-2019$fGBP32.00$g0$hP$5Uk
=ACF  \\$aPrevious copyright fee: GBP34.00$c2\0$e01-jan-2020$fGBP34.00$g0$hP$5Uk
=LAS  \\$a5410$b40$c20230520$lBLL01$h1123

