=LDR  06179cas a2201297 a 4500
=001  011453487
=003  Uk
=005  20210324131656.0
=006  m\\\\fo\\d\\\\\\\\
=007  cr\un|||||||||
=008  010403c19849999enkmr\pso\\\\\0\\\a0eng\c
=FMT  \\$a  SE
=010  \\$a  2001242046
=015  \\$aGBB569023$2bnb
=022  0\$a1365-2346$l0265-0215$21
=035  \\$a(OCoLC)46653933$z(OCoLC)37104377$z(OCoLC)858834385
=037  \\$aISSN_02650215$bPortico$nLippincott Williams & Wilkins
=040  \\$aMYG$beng$cMYG$dOCLCQ$dCUS$dF#A$dMUQ$dOCLCQ$dPFM$dOCLCQ$dOCLCF$dDLC$dOCLCO$dVT2$dUk
=042  \\$ansdp$aukblsr
=050  14$aRD78.3$b.E83
=082  10$a617.96$223
=130  0\$aEuropean journal of anaesthesiology (Online)
=210  0\$aEur. j. anaesthesiol.$b(Online)
=222  \0$aEuropean journal of anaesthesiology$b(Online)
=245  10$aEuropean journal of anaesthesiology$h[electronic resource].
=246  3\$aEJA
=260  \\$a[Oxford, England] :$bBlackwell Science ;$a[Burlington, Mass. :$bMade available by] HealthGate/activePress
=260  3\$3<2014-> :$aLondon :$bWolters Kluwer Health/Lippincott, Williams & Wilkins
=264  31$a[London] :$bLippincott Williams & Wilkins
=310  \\$aMonthly
=336  \\$atext$2rdacontent
=337  \\$acomputer$2rdamedia
=338  \\$aonline resource$2rdacarrier
=362  1\$aPrint began with vol. 1, no. 1 (Mar. 1984).
=550  \\$aPublished on behalf of the European Academy of Anaesthesiology and the European Society of Anaesthesiologists, <2001->; for the European Society of Anaesthesiology, 2014-.
=588  \\$aDescription based on: Vol. 16, issue 1 (Jan. 1999); title from table of contents page (viewed Mar. 30, 2001).
=588  \\$aLatest issue consulted: volume 32, issue 6 (June 2015)(LWW Web site, viewed June 2, 2015).
=540  \\$aCurrent copyright fee: GBP32.00$c20\0$5Uk
=650  \0$aAnesthesiology$vPeriodicals.
=650  \2$aAnesthesiology$vPeriodicals.
=650  \6$aAnesthésiologie$vPériodiques.
=650  \7$aAnesthesiology.$2fast$0(OCoLC)fst00808683
=655  \7$aPeriodicals.$2fast$0(OCoLC)fst01411641
=655  \0$aElectronic journals.
=776  0\$tEuropean journal of anaesthesiology (Print)$x0265-0215
=710  2\$aEuropean Society of Anaesthesiologists.
=710  2\$aEuropean Academy of Anaesthesiology.
=710  2\$aEuropean Society of Anaesthesiology.
=776  08$iPrint version:$tEuropean journal of anaesthesiology$x0265-0215
=856  \\$31850-9999$uhttp://journals.lww.com$xBLDSS
=856  40$uhttp://journals.lww.com/ejanaesthesiology/pages/default.aspx
=856  40$uhttp://onlinelibrary.wiley.com/journal/10.1111/(ISSN)1365-2346/issues
=856  40$uhttp://www.blackwell-synergy.com/member/institutions/issuelist.asp?journal=eja
=856  40$uhttp://ovidsp.ovid.com/ovidweb.cgi?T=JS&MODE=ovid&PAGE=toc&D=ovft&AN=00003643-000000000-00000
=856  4\$uhttp://www.lww.com/Product/0265-0215
=859  \\$aELD$bejournal
=852  41$aBritish Library$bSTI$jELD Digital store$3Volume 32:Issue 1(2015:Jan.)-***Previous issues available in print copy
=852  \\$aBritish Library$bDSC$j3829.722200$3Volume 38:Issue 10(2021)-
=945  \\$aEuropean journal of anaesthesiology.
=959  \\$fCurrently received
=985  \\$aISSN responsibility taken by US ISSN Center, May 22 2014.
=CAT  \\$aCONV$b00$c20040425$lBLL90$h0849
=CAT  \\$a10806$b40$c20140515$lBLL01$h1044
=CAT  \\$a10806$b40$c20140515$lBLL01$h1056
=CAT  \\$a11313$b40$c20140522$lBLL01$h1307
=CAT  \\$aBATCH-UPD$b40$c20140527$lBLL01$h2034
=CAT  \\$aBATCH-CLA$c20140528$lBLL01$h1732
=CAT  \\$aIPL-CLA$c20140630$lBLL01$h1712
=CAT  \\$aBLDSS-3PM$b00$c20141116$lBLL01$h1731
=CAT  \\$aBATCH-UPD$b00$c20150219$lBLL01$h1727
=CAT  \\$aIPL-CLA$c20150331$lBLL01$h1629
=CAT  \\$aBATCH-UPD$b00$c20150520$lBLL01$h1738
=CAT  \\$a8483$b40$c20150602$lBLL01$h0935
=CAT  \\$a8483$b40$c20150602$lBLL01$h0937
=CAT  \\$aIPL-CLA$c20150630$lBLL01$h1640
=CAT  \\$a10983$b40$c20150701$lBLL01$h1207
=CAT  \\$aBATCH-UPD$b40$c20150820$lBLL01$h1823
=CAT  \\$aIPL-CLA$c20150930$lBLL01$h1756
=CAT  \\$a10983$b40$c20151120$lBLL01$h1207
=CAT  \\$aBATCH-UPD$b40$c20160217$lBLL01$h1711
=CAT  \\$aIPL-CLA$c20160331$lBLL01$h1715
=CAT  \\$aBATCH-UPD$b00$c20160413$lBLL01$h1813
=CAT  \\$aBATCH-UPD$b00$c20160524$lBLL01$h2155
=CAT  \\$aBATCH-UPD$b00$c20160524$lBLL01$h2240
=CAT  \\$a5552$b40$c20170523$lBLL01$h1216
=CAT  \\$aW1711-1005$c20171206$lBLL01$h1814
=CAT  \\$a12654$b40$c20210324$lBLL01$h1316
=CFI  0\$aCurrent copyright fee: GBP32.00$c20\0$e01-apr-2016$fGBP32.00$g0$hP$5Uk
=CFI  2\$aPrevious copyright fee: GBP30.32$c20\0$e01-oct-2015$fGBP30.32$g0$hP$5Uk
=FFP  \\$aY$bBLDSS-3PM
=FIN  \\$aY
=LEO  \\$aMP22.0000051925
=LET  \0$aEuropean journal of anaesthesiology (Electronic)
=LKR  \\$aPAR$b012298783$r776$lBLL01$mEuropean journal of anaesthesiology (Online)$nEuropean journal of anaesthesiology (Print)
=MNI  \\$a0265-0215
=SID  \\$aZ39$bOCLC
=SRC  \\$aISN01$bbibmp22.200404.2.aa
=TCO  \\$aCLA$bCLA$c008
=TOC  \\$aETOC
=UNO  \\$aY
=ACF  \\$aPrevious copyright fee: GBP21.65$c20\0$e01-jul-2011$fGBP21.65$g0$hP$5Uk
=ACF  \\$aPrevious copyright fee: GBP19.35$c20\0$e21-jan-2011$fGBP19.35$g0$hP$5Uk
=ACF  \\$aPrevious copyright fee: GBP30.32$c20\0$e07-may-2012$fGBP30.32$g0$hP$5Uk
=ACF  \\$aPrevious copyright fee: GBP28.48$c20\0$e01-jul-2012$fGBP28.48$g0$hP$5Uk
=ACF  \\$aPrevious copyright fee: GBP29.38$c20\0$e01-jan-2013$fGBP29.38$g0$hP$5Uk
=ACF  \\$aPrevious copyright fee: GBP30.32$c20\0$e01-jul-2013$fGBP30.32$g0$hP$5Uk
=ACF  \\$aPrevious copyright fee: GBP29.38$c20\0$e01-jan-2014$fGBP29.38$g0$hP$5Uk
=ACF  \\$aPrevious copyright fee: GBP28.48$c20\0$e01-jul-2014$fGBP28.48$g0$hP$5Uk
=ACF  \\$aPrevious copyright fee: GBP30.32$c20\0$e01-apr-2015$fGBP30.32$g0$hP$5Uk
=ACF  \\$aPrevious copyright fee: GBP31.33$c20\0$e01-jul-2015$fGBP31.33$g0$hP$5Uk
=LAS  \\$a12654$b40$c20210324$lBLL01$h1316

