=LDR  06010cas a2201369 a 4500
=001  011458597
=003  Uk
=005  20221231144204.0
=006  m\\\\\\\\d\\\\\\\\
=007  cr\|n|||||||||
=008  000802c19699999enkmx\pso\\\\\0\\\a0eng\c
=FMT  \\$a  SE
=010  \\$a--2007233738
=015  \\$aGBB608571$2bnb
=019  c\$a102064059
=022  0\$a1469-5812
=035  \\$a(OCoLC)44707045
=035  \\$a(SFX)954925264195
=037  \\$aISSN_00131857_21$bPortico$nTaylor & Francis
=040  \\$aUk$beng$cUk$dUk
=042  \\$aukblsr
=050  14$aLB1025.2
=082  04$a370.1$223
=130  0\$aEducational philosophy and theory (Online)
=210  0\$aEduc. philos. theory$b(Online)
=222  \0$aEducational philosophy and theory$b(Online)
=245  10$aEducational philosophy and theory$h[electronic resource].
=246  13$aEPAT
=260  \\$aKensington (New South Wales) :$bUniversity of New South Wales (School of Education) ;$aOxford :$bPergamon,$c[1969]-
=260  2\$aLondon :$bCarfax
=260  2\$aOxford :$bBlackwell Pub
=264  31$a[Abingdon] :$bRoutledge, Taylor & Francis Group
=310  \\$aFourteen times a year,$b2014-
=321  \\$aMonthly,$b2013
=321  \\$aTen times a year,$b2011-2012
=321  \\$aEight times a year,$b2010
=321  \\$aSeven times a year,$b2007-2009
=321  \\$aBimonthly,$b2005-2006
=321  \\$aFive times a year,$b2004
=321  \\$aFour times a year,$b2001-2003
=321  \\$aThree times a year,$b1998-2000
=321  \\$aSemiannual
=336  \\$atext$2rdacontent
=337  \\$acomputer$2rdamedia
=338  \\$aonline resource$2rdacarrier
=362  1\$aPrint began in 1969.
=550  \\$aPublished on behalf of the Philosophy of Education Society of Australasia.
=588  \\$aDescription based on: Vol. 32, no. 1 (Apr. 2000); title from introductory screen (viewed Aug. 1, 2000).
=588  \\$aLatest issue consulted: volume 48, issue 1 (2016) (Taylor & Francis Online, viewed January 18, 2015).
=540  \\$aCurrent copyright fee: GBP37.00$c2\0$5Uk
=650  \0$aEducation$xPhilosophy$vPeriodicals.
=650  \0$aTeaching$vPeriodicals.
=650  \7$aÉducation.$2rasuqam
=650  17$aPhilosophie de l'éducation.$2rasuqam
=650  \7$aThéorie de l'éducation.$2rasuqam
=655  \7$aPériodique électronique (Descripteur de forme)$2rasuqam
=655  \7$aRessource Internet (Descripteur de forme)$2rasuqam
=710  2\$aPhilosophy of Education Society of Australasia.
=710  2\$aUniversity of New South Wales.$bSchool of Education.
=776  08$iAlso issued in print as:$tEducational philosophy and theory (Print)$x0013-1857
=859  \\$aELD$bejournal
=856  \\$31850-9999$uhttp://www.tandfonline.com/$xBLDSS
=856  40$uhttp://www.tandfonline.com/toc/rept20/current
=852  41$aBritish Library$bDSC$j3661.480000$3jan-2003 VOL 35 PART 1-Volume 43:Issue 10(2011)***See ESTAR for full holdings.
=852  41$aBritish Library$bHMNTS$jELD Digital store$3Volume 48:Issue 1(2016)-***Previous issues available in print copy
=959  \\$fHeld but not currently received
=963  \\$aVOL. 1, 1969- *A=1$bY$cL240.B.1378
=985  \\$aCorrected by BSS-generated file for WR# 08/157
=985  \\$aISSN responsibility transferred from ISSN UK Centre to U.S. ISSN Center Taylor & Francis, Multinational Publisher List, Summer 2016
=CAT  \\$aCONV$b00$c20040425$lBLL90$h0850
=CAT  \\$aBATCH$b00$c20091214$lBLL01$h0706
=CAT  \\$a5552$b40$c20150122$lBLL01$h1432
=CAT  \\$aBLDSS-3PM$b00$c20150215$lBLL01$h1112
=CAT  \\$aBATCH-UPD$b00$c20151119$lBLL01$h1542
=CAT  \\$aIPL-CLA$c20151231$lBLL01$h1916
=CAT  \\$a8464$b40$c20160111$lBLL01$h0817
=CAT  \\$a11205$b40$c20160118$lBLL01$h1556
=CAT  \\$a8464$b40$c20160204$lBLL01$h0942
=CAT  \\$a8464$b40$c20160204$lBLL01$h0943
=CAT  \\$aBATCH-UPD$b40$c20160529$lBLL01$h2352
=CAT  \\$aW1607-0553$c20160818$lBLL01$h0909
=CAT  \\$aW1607-0553$c20160818$lBLL01$h0915
=CAT  \\$aBATCH-UPD$b00$c20161122$lBLL01$h1511
=CAT  \\$aIPL-CLA$c20161230$lBLL01$h2021
=CAT  \\$aBATCH-UPD$b00$c20171121$lBLL01$h1646
=CAT  \\$aW1711-1005$c20171206$lBLL01$h1814
=CAT  \\$aIPL-CLA$c20171231$lBLL01$h1545
=CAT  \\$aBATCH-UPD$b00$c20181217$lBLL01$h1637
=CAT  \\$aIPL-CLA$c20181231$lBLL01$h1538
=CAT  \\$aBATCH-UPD$b00$c20191122$lBLL01$h1859
=CAT  \\$aIPL-CLA$c20191231$lBLL01$h1852
=CAT  \\$aBATCH-UPD$b00$c20201118$lBLL01$h1333
=CAT  \\$aIPL-CLA$c20201231$lBLL01$h1526
=CAT  \\$aBATCH-UPD$b00$c20221121$lBLL01$h1345
=CAT  \\$aIPL-CLA$c20221231$lBLL01$h1442
=CFI  0\$aCurrent copyright fee: GBP37.00$c2\0$e01-jan-2023$fGBP37.00$g0$hP$5Uk
=CFI  2\$aPrevious copyright fee: GBP35.00$c2\0$e01-jan-2021$fGBP35.00$g0$hP$5Uk
=FFP  \\$aY$bBLDSS-3PM
=FIN  \\$aY
=LEO  \\$aMP22.0000063458
=LEO  \\$aMP10.0000630041
=LET  \0$aEducational philosophy and theory (Electronic)
=LKR  \\$aPAR$b007847690$lBLL01$nEducational philosophy and theory (Print)$mEducational philosophy and theory (Online)$r776
=MNI  \\$a0013-1857
=SID  \\$aZ39$bOXFORD$c(OCoLC)44707045
=SRC  \\$aISN01$bbibmp22.200404.2.aa
=SRC  \\$aDSS01$bbibmp10.200404.2.aa
=TCO  \\$aCLA$bCLA$c008
=TOC  \\$aETOC
=ACF  \\$aPrevious copyright fee: GBP25.00$c2\0$e01-jan-2015$fGBP25.00$g0$hP$5Uk
=ACF  \\$aPrevious copyright fee: GBP25.00$c2\0$e22-jan-2015$fGBP25.00$g0$hP$5Uk
=ACF  \\$aPrevious copyright fee: GBP26.00$c2\0$e01-jan-2016$fGBP26.00$g0$hP$5Uk
=ACF  \\$aPrevious copyright fee: GBP28.00$c2\0$e01-jan-2017$fGBP28.00$g0$hP$5Uk
=ACF  \\$aPrevious copyright fee: GBP30.00$c2\0$e01-jan-2018$fGBP30.00$g0$hP$5Uk
=ACF  \\$aPrevious copyright fee: GBP32.00$c2\0$e01-jan-2019$fGBP32.00$g0$hP$5Uk
=ACF  \\$aPrevious copyright fee: GBP34.00$c2\0$e01-jan-2020$fGBP34.00$g0$hP$5Uk
=LAS  \\$aIPL-CLA$b00$c20221231$lBLL01$h1442

