=LDR  04419cas a2201093 a 4500
=001  011459766
=003  Uk
=005  20210309133816.0
=006  m\\\\\\\\u\\\\\\\\
=007  cr\|||||||||||
=008  090407c19879999enkzr\p\o\\\\\0\\\a0eng\d
=FMT  \\$a  SE
=015  \\$aGBB566455$2bnb
=022  0\$a1473-5571
=035  \\$a(OCoLC)317964358
=037  \\$aISSN_02699370$bPortico$nLippincott Williams & Wilkins
=040  \\$aFFQ$beng$cFFQ$dOCLCQ$dOCLCF$dOCLCO$dUk
=042  \\$aukblsr
=082  04$a616.9792005$223
=130  0\$aAIDS (London, England : Online)
=210  0\$aAIDS$b(Lond., Online)
=222  \0$aAIDS$b(London. Online)
=245  10$aAIDS$h[electronic resource].
=246  3\$aAcquired immune deficiency syndrome
=260  \\$aLondon :$bGower Academic Journals,$cc1987-
=264  21$31998- :$a[London] :$bLippincott Williams and Wilkins, Inc
=264  31$a[London] :$bWolters Kluwer Health, Inc.
=310  \\$a18 issues a year,$b<2002->
=321  \\$aMonthly,$bJan. 1989->
=321  \\$aBimonthly,$bMay 1987-1988
=336  \\$atext$2rdacontent
=337  \\$acomputer$2rdamedia
=338  \\$aonline resource$2rdacarrier
=362  1\$aPrint began with vol. 1, no. 1 (May 1987).
=500  \\$aTitle from the screen (viewed July 29, 2003).
=525  \\$aHas supplements.
=538  \\$aMode of access: World Wide Web.
=588  \\$aLatest issue consulted: volume 31, issue 7 (April 24, 2017) (Wolters Kluwer, viewed April 18, 2017).
=540  \\$aCurrent copyright fee: GBP39.00$c20\0$5Uk
=650  \0$aAIDS (Disease)$vPeriodicals.
=650  \2$aAcquired Immunodeficiency Syndrome.
=650  \7$aAIDS (Disease)$2fast$0(OCoLC)fst00793808
=655  \2$aPeriodicals.
=655  \7$aPeriodicals.$2fast$0(OCoLC)fst01411641
=710  2\$aInternational AIDS Society,$eissuing body.
=770  0\$tAIDS (Supplement)
=776  08$iAlso issued in print as:$tAIDS (London, England)$x0269-9370
=859  \\$aELD$bejournal
=856  \\$31850-9999$uhttp://journals.lww.com/pages/default.aspx$xBLDSS
=856  40$uhttp://gateway.ovid.com/ovidweb.cgi?T=JS&MODE=ovid&PAGE=toc&D=ovft&AN=00002030-000000000-00000
=856  40$uwww.AIDSonline.com
=856  40$uhttp://journals.lww.com/aidsonline/pages/default.aspx?desktopMode=true
=852  41$aBritish Library$bSTI$jELD Digital store$3Volume 29:Number 1(2015)-***Previous issues available in print copy
=852  \\$aBritish Library$bDSC$j0773.083000$3Volume 35:Issue 10(2021)-
=945  \\$aAIDS -LONDON- CURRENT SCIENCE THEN RAPID SCIENCE PUBLISHERS THEN LIPPINCOTT RAVEN-.
=985  \\$aISSN responsibility transferred to U.S. Center - 4/11/2015.
=CAT  \\$aCONV$b00$c20040425$lBLL90$h0850
=CAT  \\$aCONV$b00$c20040502$lBLL01$h1434
=CAT  \\$aglobal_upd$b40$c20060417$lBLL01$h1819
=CAT  \\$aBATCH$b00$c20091210$lBLL01$h0504
=CAT  \\$aBATCH$b00$c20091214$lBLL01$h0707
=CAT  \\$a11316$b40$c20150515$lBLL01$h1328
=CAT  \\$a10876$b40$c20150520$lBLL01$h1343
=CAT  \\$a10876$b40$c20150520$lBLL01$h1346
=CAT  \\$a11316$b40$c20150521$lBLL01$h1517
=CAT  \\$a11316$b40$c20150521$lBLL01$h1519
=CAT  \\$aBATCH-CLA$b00$c20150529$lBLL01$h1529
=CAT  \\$aIPL-CLA$c20150630$lBLL01$h1640
=CAT  \\$a11316$b40$c20151104$lBLL01$h0921
=CAT  \\$a5552$b40$c20160122$lBLL01$h1238
=CAT  \\$aBLDSS-3PM$b00$c20160201$lBLL01$h1812
=CAT  \\$aBATCH-UPD$b00$c20160217$lBLL01$h1711
=CAT  \\$aIPL-CLA$c20160331$lBLL01$h1715
=CAT  \\$aBATCH-UPD$b00$c20160413$lBLL01$h1813
=CAT  \\$aBATCH-UPD$b00$c20160519$lBLL01$h0948
=CAT  \\$aBATCH-UPD$b00$c20160524$lBLL01$h2155
=CAT  \\$a5552$b40$c20161010$lBLL01$h0937
=CAT  \\$a5410$b40$c20161121$lBLL01$h1538
=CAT  \\$a11205$b40$c20170418$lBLL01$h1344
=CAT  \\$aW1711-1005$c20171205$lBLL01$h2211
=CAT  \\$a12654$b40$c20210308$lBLL01$h1111
=CAT  \\$a12654$b40$c20210309$lBLL01$h1338
=CFI  0\$aCurrent copyright fee: GBP39.00$c20\0$e01-apr-2016$fGBP39.00$g0$hP$5Uk
=CFI  2\$aPrevious copyright fee: GBP30.32$c20\0$e22-jan-2016$fGBP30.32$g0$hP$5Uk
=FFP  \\$aY$bBLDSS-3PM
=FIN  \\$aY
=LEO  \\$aMP22.0000066420
=LET  \0$aAIDS (Electronic)
=MNI  \\$a0269-9370
=SID  \\$aZ39$bOCLC
=SRC  \\$aISN01$bbibmp22.200404.2.aa
=TCO  \\$aCLA$bCLA$c008
=UNO  \\$aY
=LAS  \\$a12654$b40$c20210309$lBLL01$h1338

