=LDR  04466cas a2201069 a 4500
=001  011459769
=003  Uk
=005  20221129153218.0
=006  m\\\\\o\\d\\\\\\\\
=007  cr\|||||||||||
=008  971015d19902021enkqr\pso\\\\\0\\\a0eng\c
=FMT  \\$a  SE
=010  \\$a  2011242022
=015  \\$aGBB566294$2bnb
=022  0\$a1473-5601$y0954-139X
=035  \\$a(OCoLC)37788690
=037  \\$aISSN_0954139X$bPortico$nLippincott Williams & Wilkins
=040  \\$aF#A$beng$cF#A$dOCL$dOCLCQ$dOCL$dGUA$dOCLCQ$dMYG$dOCLCQ$dOCLCF$dOCLCO$dUk
=042  \\$aukblsr
=050  \4$aQR46
=082  04$a616.904105$223
=130  0\$aReviews in medical microbiology (Online)
=210  0\$aRev. med. microbiol.$b(Online)
=222  \0$aReviews in medical microbiology$b(Online)
=245  10$aReviews in medical microbiology$h[electronic resource].
=246  13$aRMM
=260  \\$a[London] :$bLippincott Williams & Wilkins,$c-2021.
=310  \\$aQuarterly
=336  \\$atext$2rdacontent
=337  \\$acomputer$2rdamedia
=338  \\$aonline resource$2rdacarrier
=362  1\$aPrint began with vol. 1, no. 1 (Jan. 1990).
=362  0\$a-volume 32, issue 4 (October 2021).
=530  \\$aAlso issued in print.
=550  \\$aJournal of the Pathological Society of Great Britain and Ireland 1990-<1997>.
=588  \\$aDescription based on: Vol. 12 (1) (Jan. 2001); title from journal home page (Ovid, viewed Mar. 29, 2006).
=588  \\$aLatest issue consulted: volume 32, issue 4 (October 2021) (LWW website, viewed November 29, 2022).
=540  \\$aCurrent copyright fee: GBP32.00$c20\0$5Uk
=650  \0$aMedical microbiology$vPeriodicals.
=650  \7$aMedical microbiology.$2fast$0(OCoLC)fst01014362
=655  \7$aPeriodicals.$2fast$0(OCoLC)fst01411641
=710  2\$aPathological Society of Great Britain and Ireland.
=776  1\$tReviews in medical microbiology$x0954-139X
=859  \\$aELD$bejournal
=856  \\$31850-9999$uhttp://journals.lww.com/pages/default.aspx$xBLDSS
=856  40$uhttp://ovidsp.ovid.com/ovidweb.cgi?T=JS&NEWS=n&CSC=Y&PAGE=toc&D=yrovft&AN=00013542-000000000-00000
=856  40$uhttp://www.revmedmicrobiol.com/
=852  41$aBritish Library$bHMNTS$jELD Digital store$3Volume 26:Issue 1(2015:Jan.)-***Previous issues available in print copy
=852  \\$aBritish Library$bDSC$j7792.210000$3Volume 32:Issue 1(2021)-
=945  \\$aReviews in medical microbiology.
=959  \\$fCurrently received
=985  \\$aISSN responsibility transferred to U.S. Center - 11/11/2015
=CAT  \\$aCONV$b00$c20040425$lBLL90$h0850
=CAT  \\$aglobal_upd$b40$c20060417$lBLL01$h1819
=CAT  \\$aBATCH$b00$c20091210$lBLL01$h0504
=CAT  \\$aBATCH$b00$c20091214$lBLL01$h0707
=CAT  \\$a8874$b40$c20110916$lBLL01$h1427
=CAT  \\$a11316$b40$c20150515$lBLL01$h1335
=CAT  \\$a11316$b40$c20150520$lBLL01$h1147
=CAT  \\$a11316$b40$c20150520$lBLL01$h1148
=CAT  \\$a6790$b40$c20150528$lBLL01$h0748
=CAT  \\$a6790$b40$c20150528$lBLL01$h0945
=CAT  \\$aBATCH-CLA$b00$c20150529$lBLL01$h1529
=CAT  \\$a11384$b40$c20150603$lBLL01$h1618
=CAT  \\$a11433$b40$c20150603$lBLL01$h1634
=CAT  \\$aIPL-CLA$c20150630$lBLL01$h1640
=CAT  \\$a11316$b40$c20151111$lBLL01$h0846
=CAT  \\$a5552$b40$c20160122$lBLL01$h1234
=CAT  \\$aBLDSS-3PM$b00$c20160201$lBLL01$h1812
=CAT  \\$aBATCH-UPD$b00$c20160217$lBLL01$h1711
=CAT  \\$aIPL-CLA$c20160331$lBLL01$h1715
=CAT  \\$aBATCH-UPD$b00$c20160413$lBLL01$h1813
=CAT  \\$aBATCH-UPD$b00$c20160524$lBLL01$h2155
=CAT  \\$aBATCH-UPD$b00$c20160524$lBLL01$h2240
=CAT  \\$a5552$b40$c20170223$lBLL01$h1046
=CAT  \\$aW1711-1005$c20171206$lBLL01$h1814
=CAT  \\$a12654$b40$c20210422$lBLL01$h1112
=CAT  \\$a8124$b40$c20221129$lBLL01$h1532
=CFI  0\$aCurrent copyright fee: GBP32.00$c20\0$e01-apr-2016$fGBP32.00$g0$hP$5Uk
=CFI  2\$aPrevious copyright fee: GBP30.32$c20\0$e22-jan-2016$fGBP30.32$g0$hP$5Uk
=FFP  \\$aY$bBLDSS-3PM
=FIN  \\$aY
=LEO  \\$aMP22.0000066423
=LET  \0$aReviews in medical microbiology (Electronic)
=LKR  \\$aPAR$b007741664$lBLL01$nReviews in medical microbiology (Print)$mReviews in medical microbiology (Online)$r776
=MNI  \\$a0954-139X
=SID  \\$aZ39$bOCLC
=SRC  \\$aISN01$bbibmp22.200404.2.aa
=TCO  \\$aCLA$bCLA$c008
=TOC  \\$aETOC
=UNO  \\$aY
=LAS  \\$a8124$b40$c20221129$lBLL01$h1532

