=LDR  04408cas a2200985 i 4500
=001  011459787
=003  Uk
=005  20210421113317.0
=006  m\\\\\|\\d\|\\\\\\
=007  cr\|||||||||||
=008  020422c19929999enkqr|p\o\\\\\0\\\a0eng\\
=FMT  \\$a  SE
=015  \\$aGBB566333$2bnb
=022  0\$a1473-5865
=037  \\$aISSN_1060152X$bPortico$nLippincott Williams & Wilkins
=040  \\$aUk$beng$cUk$dUk$erda
=042  \\$aukblsr
=082  04$a618.927005$223
=210  0\$aJ. pediatr. orthop., B$b(Online)
=222  \0$aJournal of pediatric orthopedics. Part B$b(Online)
=245  00$aJournal of pediatric orthopedics.$nPart B /$cEuropean Orthopaedic Society [and] Pediatric Orthopaedic Society of North America.
=246  1\$iIssues for <2001-> have title:$aJournal of pediatric orthopaedics
=246  1\$iMinor title change:$aJournal of pediatric orthopaedics.$nB
=264  \1$aLondon :$bLippincott, Williams & Wilkins,$c1992-
=310  \\$aSix times a year
=336  \\$atext$2rdacontent
=337  \\$acomputer$2rdamedia
=338  \\$aonline resource$2rdacarrier
=362  1\$aPrint began with: Vol. 1, no. 1 (1992).
=500  \\$aOriginally published in New York by Raven Press.
=588  \\$aDescription based on print version record.
=588  \\$aLatest issue consulted: volume 24, issue 3 (May 2015) (Wolters Kluwer, viewed May 20, 2015).
=540  \\$aCurrent copyright fee: GBP32.00$c20\0$5Uk
=650  \0$aPediatric orthopedics$vPeriodicals.
=710  2\$aEuropean Paediatric Orthopaedic Society.
=710  2\$aPediatric Orthopaedic Society of North America.
=772  0\$tJournal of pediatric orthopaedics (Online)$x1539-2570
=776  08$iAlso issued in print as:$tJournal of pediatric orthopedics. Part B$x1060-152X
=859  \\$aELD$bejournal
=856  \\$31850-9999$uhttp://journals.lww.com/pages/default.aspx$xBLDSS
=856  40$uhttp://journals.lww.com/jpo-b/pages/default.aspx
=852  41$aBritish Library$bSTI$jELD Digital store$3Volume 24:Issue 1(2015)-***Previous issues available in print copy
=852  \\$aBritish Library$bDSC$j5030.230000$3Volume 30:Issue 1(2021)-
=945  \\$aJournal of pediatric orthopedics part B.
=959  \\$fCurrently received
=985  \\$aISSN responsibility transferred to U.S. ISSN Center - multinational publisher 2/12/2015. Key title changed at this time to match the key title of the print ISSN.
=CAT  \\$aCONV$b00$c20040425$lBLL90$h0850
=CAT  \\$aCONV$b00$c20040502$lBLL01$h1434
=CAT  \\$a6550$b40$c20041008$lBLL01$h1041
=CAT  \\$a6550$b40$c20041008$lBLL01$h1209
=CAT  \\$aglobal_upd$b40$c20060417$lBLL01$h1819
=CAT  \\$aBATCH$b00$c20091210$lBLL01$h0504
=CAT  \\$aBATCH$b00$c20091214$lBLL01$h0707
=CAT  \\$a8874$b40$c20110117$lBLL01$h0853
=CAT  \\$a11316$b40$c20150515$lBLL01$h1352
=CAT  \\$a11316$b40$c20150520$lBLL01$h1418
=CAT  \\$a11316$b40$c20150520$lBLL01$h1425
=CAT  \\$a10876$b40$c20150528$lBLL01$h0956
=CAT  \\$aBATCH-CLA$b00$c20150529$lBLL01$h1529
=CAT  \\$aIPL-CLA$c20150630$lBLL01$h1640
=CAT  \\$a11316$b40$c20151202$lBLL01$h1215
=CAT  \\$a5552$b40$c20160122$lBLL01$h1217
=CAT  \\$aBLDSS-3PM$b00$c20160201$lBLL01$h1812
=CAT  \\$aBATCH-UPD$b00$c20160217$lBLL01$h1711
=CAT  \\$aIPL-CLA$c20160331$lBLL01$h1715
=CAT  \\$aBATCH-UPD$b00$c20160413$lBLL01$h1813
=CAT  \\$aBATCH-UPD$b00$c20160524$lBLL01$h2155
=CAT  \\$aBATCH-UPD$b00$c20160524$lBLL01$h2240
=CAT  \\$a5552$b40$c20170407$lBLL01$h1204
=CAT  \\$aW1711-1005$c20171206$lBLL01$h1814
=CAT  \\$a12654$b40$c20210421$lBLL01$h1133
=CFI  0\$aCurrent copyright fee: GBP32.00$c20\0$e01-apr-2016$fGBP32.00$g0$hP$5Uk
=CFI  2\$aPrevious copyright fee: GBP30.32$c20\0$e19-jan-2016$fGBP30.32$g0$hP$5Uk
=FFP  \\$aY$bBLDSS-3PM
=FIN  \\$aY
=LEO  \\$aMP22.0000066444
=LET  \0$aJournal of pediatric orthopedics B (Electronic)
=LKR  \\$aPAR$b010491381$lBLL01$nJournal of pediatric orthopedics B (Print)$mJournal of pediatric orthopedics B (Online)$r776
=LKR  \\$aPAR$b015994464$lBLL01$nJournal of pediatric orthopaedics (Online)$mJournal of pediatric orthopedics B (Online)$r772
=MNI  \\$a1060-152X
=SRC  \\$aISN01$bbibmp22.200404.2.aa
=TCO  \\$aCLA$bCLA$c008
=TOC  \\$aETOC
=UNO  \\$aY
=LAS  \\$a12654$b40$c20210421$lBLL01$h1133

