=LDR  04355cas a2201045 a 4500
=001  011459806
=003  Uk
=005  20230202134720.0
=006  m\\\\\o\\d\\\\\\\\
=007  cr\|||||||||||
=008  011112c20019999mdubr\pso\\\\\0\\\a0eng\c
=FMT  \\$a  SE
=010  \\$a  2008233953
=015  \\$aGBB566518$2bnb
=022  \\$a1473-6322
=035  \\$a(OCoLC)48407028
=037  \\$aISSN_15284050$bPortico$nLippincott Williams & Wilkins
=040  \\$aCoDNJ$beng$cCoDNJ$dOCoLC$dNSDP$dOCoLC$dGU$dDLC$dOCoLC$dMCM$dWaSeSS$dOCoLC$dUk
=042  \\$aukblsr
=050  14$aQR188
=082  04$a616.079$223
=130  0\$aCurrent opinion in allergy and clinical immunology (Online)
=210  0\$aCurr. opin. allergy clin. immunol.$b(Online)
=222  \0$aCurrent opinion in allergy and clinical immunology$b(Online)
=245  10$aCurrent opinion in allergy and clinical immunology$h[electronic resource].
=260  \\$aHagerstown, Md. :$bLippincott Williams & Wilkins,$c2001-
=310  \\$aBimonthly
=336  \\$atext$2rdacontent
=337  \\$acomputer$2rdamedia
=338  \\$aonline resource$2rdacarrier
=362  0\$aVol. 1, no. 1 (Feb. 2001)-
=500  \\$aTitle from contents screen (viewed Nov. 12, 2001).
=538  \\$aMode of access: World Wide Web.
=588  \\$aLatest issue consulted: volume 15, issue 3 (June 2015) (Wolters Kluwer Health, viewed May 22, 2015).
=540  \\$aCurrent copyright fee: GBP32.00$c20\0$5Uk
=650  \0$aAllergy$vPeriodicals.
=650  \0$aClinical immunology$vPeriodicals.
=650  12$aHypersensitivity.
=650  22$aImmunity.
=650  22$aImmune System Diseases.
=650  22$aAllergy and Immunology.
=776  08$iPrint version:$tCurrent opinion in allergy and clinical immunology$x1528-4050
=859  \\$aELD$bejournal
=856  \\$31850-9999$uhttp://journals.lww.com/pages/default.aspx$xBLDSS
=856  40$uhttp://ovidsp.ovid.com/ovidweb.cgi?T=JS&NEWS=n&CSC=Y&PAGE=toc&D=yrovft&AN=00130832-000000000-00000
=856  40$uwww.co-allergy.com
=852  41$aBritish Library$bSTI$jELD Digital store$3Volume 15:Issue 1(2015:Feb.)-***Previous issues available in print copy
=852  \\$aBritish Library$bDSC$j3500.771000$3Volume 21:Issue 5(2021)-
=945  \\$aCurrent opinion in allergy and clinical immunology.
=959  \\$fCurrently received
=985  \\$aISSN responsibility switched to U.S. Center (Richard, 12/10/21)
=CAT  \\$aCONV$b00$c20040425$lBLL90$h0850
=CAT  \\$aCONV$b00$c20040502$lBLL01$h1434
=CAT  \\$aglobal_upd$b40$c20060417$lBLL01$h1819
=CAT  \\$aISSN$b40$c20080325$lBLL01$h1123
=CAT  \\$aBATCH$b00$c20091210$lBLL01$h0504
=CAT  \\$aBATCH$b00$c20091214$lBLL01$h0707
=CAT  \\$a11316$b40$c20150515$lBLL01$h1352
=CAT  \\$a10902$b40$c20150520$lBLL01$h0936
=CAT  \\$a11316$b40$c20150522$lBLL01$h1345
=CAT  \\$aBATCH-CLA$b00$c20150529$lBLL01$h1529
=CAT  \\$aIPL-CLA$c20150630$lBLL01$h1640
=CAT  \\$a5552$b40$c20160122$lBLL01$h1214
=CAT  \\$aBLDSS-3PM$b00$c20160201$lBLL01$h1812
=CAT  \\$aBATCH-UPD$b00$c20160217$lBLL01$h1711
=CAT  \\$aIPL-CLA$c20160331$lBLL01$h1715
=CAT  \\$aBATCH-UPD$b00$c20160413$lBLL01$h1813
=CAT  \\$aBATCH-UPD$b00$c20160524$lBLL01$h2155
=CAT  \\$aBATCH-UPD$b00$c20160524$lBLL01$h2240
=CAT  \\$a5552$b40$c20170127$lBLL01$h1140
=CAT  \\$aW1711-1005$c20171206$lBLL01$h1814
=CAT  \\$a12654$b40$c20210315$lBLL01$h1049
=CAT  \\$a10806$b40$c20211012$lBLL01$h0830
=CAT  \\$a10806$b40$c20211018$lBLL01$h0754
=CAT  \\$a8250$b40$c20230202$lBLL01$h1345
=CAT  \\$a8250$b40$c20230202$lBLL01$h1347
=CFI  0\$aCurrent copyright fee: GBP32.00$c20\0$e01-apr-2016$fGBP32.00$g0$hP$5Uk
=CFI  2\$aPrevious copyright fee: GBP30.32$c20\0$e19-jan-2016$fGBP30.32$g0$hP$5Uk
=FFP  \\$aY$bBLDSS-3PM
=FIN  \\$aY$d20150522
=LEO  \\$aMP22.0000066481
=LET  \0$aCurrent opinion in allergy and clinical immunology (Electronic)
=LKR  \\$aPAR$b007160305$lBLL01$nCurrent opinion in allergy and clinical immunology (Print)$mCurrent opinion in allergy and clinical immunology (Online)$r776
=MNI  \\$a1528-4050
=SRC  \\$aISN01$bbibmp22.200404.2.aa
=SRC  \\$aBLL02
=TCO  \\$aCLA$bCLA$c008
=TOC  \\$aETOC
=UNO  \\$aY
=LAS  \\$a8250$b40$c20230202$lBLL01$h1347

