=LDR  04778cas a2201117 a 4500
=001  011459812
=003  Uk
=005  20230206141325.0
=006  m\\\\\o\\d\\\\\\\\
=007  cr\mnu||||||||
=008  001102c19989999enkbr\p\o\\\\\0\\\a0eng\c
=FMT  \\$a  SE
=010  \\$a  2001214009
=015  \\$aGBB592782$2bnb
=022  0\$a1473-6519$z1535-3885$l1363-1950$y1363-1950
=035  \\$a(OCoLC)45271077
=037  \\$aISSN_13631950$bPortico$nLippincott Williams & Wilkins
=040  \\$aViBlbV$beng$cViBlbV$dNSDP$dOCoLC$dNBuU-H$dOCoLC$dDLC$dOCoLC$dMCM$dDLC$dOCoLC$dUk
=042  \\$aukblsr
=050  \4$aRM214$b.C88 (Internet)
=082  04$a613.2$223
=130  0\$aCurrent opinion in clinical nutrition and metabolic care (Online)
=210  0\$aCurr. opin. clin. nutr. metab. care$b(Online)
=222  \0$aCurrent opinion in clinical nutrition and metabolic care$b(Online)
=245  10$aCurrent opinion in clinical nutrition and metabolic care$h[electronic resource].
=246  13$aCurrent opinion in clinical nutrition & metabolic care
=260  \\$aLondon :$bRapid Science Publishers,$c1989-
=260  3\$aLondon :$bLippincott Williams & Wilkins
=310  \\$aBimonthly
=336  \\$atext$2rdacontent
=337  \\$acomputer$2rdamedia
=338  \\$aonline resource$2rdacarrier
=362  1\$aPrint began with Vol. 1, no. 1 (Jan. 1998).
=490  1\$aCurrent opinion series
=510  0\$aChemical abstracts,$x0009-2258
=588  \\$aDescription based on print version record.
=588  \\$aLatest issue consulted: volume 18, issue 4 (July 2015) (Wolters Kluwer Health, viewed July 8, 2015).
=540  \\$aCurrent copyright fee: GBP32.00$c20\0$5Uk
=650  \0$aDiet therapy$vPeriodicals.
=650  \0$aMetabolism$vPeriodicals.
=650  \0$aNutrition$vPeriodicals.
=650  \0$aNutrition disorders$vPeriodicals.
=650  \0$aClinical medicine$vPeriodicals.
=650  \2$aClinical Medicine$vPeriodicals.
=650  \2$aMetabolism$vPeriodicals.
=650  \2$aNutrition$vPeriodicals.
=650  \2$aNutrition Disorders$vPeriodicals.
=650  \2$aNutritional Support$vPeriodicals.
=776  08$iAlso issued in print as:$tCurrent opinion in clinical nutrition and metabolic care$x1363-1950
=859  \\$aELD$bejournal
=830  \0$aCurrent opinion series.
=856  \\$31850-9999$uhttp://journals.lww.com/pages/default.aspx$xBLDSS
=856  40$uhttp://journals.lww.com/co-clinicalnutrition/Pages/default.aspx
=852  41$aBritish Library$bSTI$jELD Digital store$3Volume 18:Issue 1(2015:Jan.)-***Previous issues available in print copy
=852  \\$aBritish Library$bDSC$j3500.773530$3Volume 24:Issue 4(2021)-
=945  \\$aCurrent opinion in clinical nutrition and metabolic care.
=959  \\$fCurrently received
=985  \\$aISSN responsibility transferred to US ISSN Centre from ISSN UK Centre, 28.06.2011
=CAT  \\$aCONV$b00$c20040425$lBLL90$h0850
=CAT  \\$aCONV$b00$c20040502$lBLL01$h1434
=CAT  \\$aglobal_upd$b40$c20060417$lBLL01$h1819
=CAT  \\$a8874$b40$c20090112$lBLL01$h1443
=CAT  \\$aBATCH$b00$c20091210$lBLL01$h0504
=CAT  \\$aBATCH$b00$c20091214$lBLL01$h0707
=CAT  \\$a11313$b40$c20110628$lBLL01$h1456
=CAT  \\$a11313$b40$c20110628$lBLL01$h1500
=CAT  \\$a10902$b40$c20150520$lBLL01$h1145
=CAT  \\$a11205$b40$c20150708$lBLL01$h1337
=CAT  \\$a11205$b40$c20150708$lBLL01$h1338
=CAT  \\$aBATCH-CLA$b00$c20150828$lBLL01$h1543
=CAT  \\$aIPL-CLA$c20150930$lBLL01$h1756
=CAT  \\$a5552$b40$c20160122$lBLL01$h1215
=CAT  \\$aBLDSS-3PM$b00$c20160201$lBLL01$h1812
=CAT  \\$aBATCH-UPD$b00$c20160217$lBLL01$h1711
=CAT  \\$aIPL-CLA$c20160331$lBLL01$h1715
=CAT  \\$aBATCH-UPD$b00$c20160413$lBLL01$h1813
=CAT  \\$aBATCH-UPD$b00$c20160519$lBLL01$h1404
=CAT  \\$aBATCH-UPD$b00$c20160524$lBLL01$h2155
=CAT  \\$a5552$b40$c20170127$lBLL01$h1149
=CAT  \\$aW1711-1005$c20171206$lBLL01$h1814
=CAT  \\$a12654$b40$c20210316$lBLL01$h0939
=CAT  \\$a8874$b40$c20230206$lBLL01$h1413
=CFI  0\$aCurrent copyright fee: GBP32.00$c20\0$e01-apr-2016$fGBP32.00$g0$hP$5Uk
=CFI  2\$aPrevious copyright fee: GBP30.32$c20\0$e19-jan-2016$fGBP30.32$g0$hP$5Uk
=FFP  \\$aY$bBLDSS-3PM
=FIN  \\$aY
=LEO  \\$aMP22.0000066496
=LET  \0$aCurrent opinion in clinical nutrition and metabolic care (Electronic)
=LKR  \\$aPAR$b012309075$lBLL01$nCurrent opinion in clinical nutrition and metabolic care (Print)$mCurrent opinion in clinical nutrition and metabolic care (Online)$r776
=MNI  \\$a1363-1950
=SRC  \\$aISN01$bbibmp22.200404.2.aa
=SRC  \\$aBLL02
=TCO  \\$aCLA$bCLA$c008
=TOC  \\$aETOC
=UNO  \\$aY
=LAS  \\$a8874$b40$c20230206$lBLL01$h1413

