=LDR  03108cas a2200769 i 4500
=001  018607810
=003  Uk
=005  20211231154742.0
=006  m\\\\\|\\d\|\\\\\\
=007  cr\|||||||||||
=008  171114c19709999enkmr\p\o\\\\\0\\\a0eng\\
=FMT  \\$a  SE
=022  \\$a1943-3670
=037  \\$aISSN_00223492$bPortico$nWiley
=040  \\$aUk$beng$cUk$erda
=042  \\$aukblsr
=082  04$a617.632$223
=222  \0$aJournal of periodontology$b(1970. Online)
=245  00$aJournal of periodontology.
=264  \1$aChicago :$bAmerican Academy of Periodontology,$c[1970]-
=264  31$a[Oxford] :$bWiley
=310  \\$aMonthly
=336  \\$atext$2rdacontent
=337  \\$acomputer$2rdamedia
=338  \\$aonline resource$2rdacarrier
=362  0\$aPrint began with volume 41, number 1 (January 1970).
=588  \\$aDescription based on print version record.
=588  \\$aLatest issue consulted: volume 88, issue 12 (December 2017); Wiley Online Library, viewed February 2, 2018.
=540  \\$aCurrent copyright fee: GBP46.00$c35\0$5Uk
=650  \0$aPeriodontics$vPeriodicals.
=710  2\$aAmerican Academy of Periodontology.
=776  08$iAlso issued in print as:$tJournal of periodontology$x0022-3492
=859  \\$aELD$bejournal
=856  \\$31850-9999$uhttp://onlinelibrary.wiley.com/$xBLDSS
=856  40$uhttp://onlinelibrary.wiley.com/journal/10.1902/(ISSN)1943-3670
=852  41$aBritish Library$bDSC$j5030.700000$3Volume 89:Issue 1(2018)-
=852  41$aBritish Library$bHMNTS$jELD Digital store$3Volume 84:Issue 1(2013)-
=945  \\$aJournal of periodontology.
=959  \\$fCurrently received
=CAT  \\$a14586$b40$c20171114$lBLL01$h1550
=CAT  \\$aW1711-1005$b40$c20171206$lBLL01$h1803
=CAT  \\$a11205$b40$c20180202$lBLL01$h0939
=CAT  \\$a10983$b40$c20180219$lBLL01$h1439
=CAT  \\$a5552$b40$c20180606$lBLL01$h0943
=CAT  \\$aBLDSS-3PM$b00$c20180618$lBLL01$h1221
=CAT  \\$aBATCH-UPD$b00$c20180618$lBLL01$h1223
=CAT  \\$a6558$b40$c20180629$lBLL01$h0920
=CAT  \\$aBATCH-UPD$b40$c20181121$lBLL01$h1627
=CAT  \\$aIPL-CLA$c20181231$lBLL01$h1556
=CAT  \\$aR1911-0245$c20191127$lBLL01$h0823
=CAT  \\$aR1911-0245$c20191127$lBLL01$h1045
=CAT  \\$aIPL-CLA$c20191231$lBLL01$h2044
=CAT  \\$a5552$b40$c20200813$lBLL01$h1340
=CAT  \\$aW2111-0842$c20211209$lBLL01$h1035
=CAT  \\$aIPL-CLA$c20211231$lBLL01$h1547
=CFI  0\$aCurrent copyright fee: GBP46.00$c35\0$e01-jan-2022$fGBP46.00$g0$hP$5Uk
=CFI  2\$aPrevious Copyright Fee: GBP32.00$c35\0$e01-jan-2020$fGBP32.00$g0$hP$5Uk
=FFP  \\$aY$bBLDSS-3PM
=FIN  \\$aY$d20180202
=LET  \0$aJournal of periodontology (Electronic)
=LKR  \\$aPAR$b012113993$lBLL01$nJournal of periodontology (Print)$mJournal of periodontology (Online)$r776
=MNI  \\$a0022-3492
=TOC  \\$aETOC
=UNO  \\$aY
=ACF  \\$aPrevious Copyright Fee: GBP24.00$c35\0$e06-jun-2018$fGBP24.00$g0$hP$5Uk
=ACF  \\$aPrevious copyright fee: GBP28.00$c35\0$e01-jan-2019$fGBP28.00$g0$hP$5Uk
=LAS  \\$aIPL-CLA$b00$c20211231$lBLL01$h1547

