=LDR  03567cas a2200889 i 4500
=001  019200377
=003  Uk
=005  20201110142804.0
=006  m\\\\\|\\d\|\\\\\\
=007  cr\|||||||||||
=008  190107c19519999njubr\p\o\\\\\0\\\a0eng\\
=FMT  \\$a  SE
=022  \\$a1996-8175
=037  \\$aISSN_00400262_2$bPortico$nWiley
=040  \\$aUk$beng$cUk$erda
=041  0\$aeng$afre$ager
=042  \\$aissnuk$aukblsr
=082  04$a580.12$223
=222  \0$aTaxon$b(Online)
=245  00$aTaxon.
=264  \1$aUtrecht :$bInternational Bureau for Plant Taxonomy and Nomenclature
=264  21$aBratislava :$bInternational Association for Plant Taxonomy
=264  31$32019-$a[New Jersey?] :$bJohn Wiley & Sons Ltd
=300  \\$billustrations (black and white, and colour)
=310  \\$aBimonthly,$b2010-
=321  \\$aQuarterly
=336  \\$atext$2rdacontent
=337  \\$acomputer$2rdamedia
=338  \\$aonline resource$2rdacarrier
=362  0\$aVol. 1, no. 1 (September 1951)-
=500  \\$aTitle from title page PDF (Wiley Online Library, viewed October 29, 2019).
=546  \\$aEnglish, French, or German.
=588  \\$aLatest issue consulted: vol. 68 (2) (April 2019) (Wiley Online Library, viewed October 29, 2019).
=540  \\$aCurrent Copyright Fee: GBP32.00$c35\0$5Uk
=650  \0$aPlants$vClassification$vPeriodicals.
=710  2\$aInternational Bureau for Plant Taxonomy and Nomenclature,$eissuing body.
=710  2\$aInternational Association for Plant Taxonomy,$eissuing body.
=776  08$iAlso issued in print as:$tTaxon$x0040-0262
=856  40$31850-9999$uhttp://onlinelibrary.wiley.com/$xBLDSS
=856  40$uhttps://onlinelibrary.wiley.com/journal/19968175
=859  \\$aELD$bejournal
=852  41$aBritish Library$bHMNTS$jELD Digital store$3Volume 62:Issue 1(2013)-
=852  \\$aBritish Library$bDSC$j8611.820000$3Volume 68:Issue 1(2019)-
=959  \\$fCurrently received
=CAT  \\$a15005$b40$c20190107$lBLL01$h1410
=CAT  \\$a15005$b40$c20190107$lBLL01$h1411
=CAT  \\$a8323$b40$c20190304$lBLL01$h1406
=CAT  \\$a8055$b40$c20190306$lBLL01$h1510
=CAT  \\$a8055$b40$c20190306$lBLL01$h1515
=CAT  \\$a8055$b40$c20190306$lBLL01$h1518
=CAT  \\$aBATCH-CLA$b00$c20190321$lBLL01$h1902
=CAT  \\$aIPL-CLA$c20190331$lBLL01$h1733
=CAT  \\$a14586$b40$c20190405$lBLL01$h1427
=CAT  \\$a8055$b40$c20190507$lBLL01$h1423
=CAT  \\$aBATCH-UPD$b40$c20190508$lBLL01$h0044
=CAT  \\$aBLDSS-3PM$b00$c20190516$lBLL01$h1306
=CAT  \\$aBATCH-UPD$b00$c20190516$lBLL01$h1307
=CAT  \\$a5410$b40$c20190808$lBLL01$h0921
=CAT  \\$a10806$b40$c20191029$lBLL01$h1331
=CAT  \\$a10806$b40$c20191029$lBLL01$h1334
=CAT  \\$aR1911-0245$c20191127$lBLL01$h0824
=CAT  \\$aR1911-0245$c20191127$lBLL01$h1045
=CAT  \\$aIPL-CLA$c20191231$lBLL01$h2046
=CAT  \\$a5410$b40$c20200318$lBLL01$h1102
=CAT  \\$a8055$b40$c20201110$lBLL01$h1428
=CFI  0\$aCurrent Copyright Fee: GBP32.00$c35\0$e01-jan-2020$fGBP32.00$g0$hP$5Uk
=CFI  2\$aPrevious Copyright Fee: GBP28.00$c35\0$e07-may-2019$fGBP28.00$g0$hP$5Uk
=FFP  \\$aY$bBLDSS-3PM
=FIN  \\$aY$d20191029
=LET  \0$aTaxon (Electronic)
=LKR  \\$aPAR$b010511554$lBLL01$r776$mTaxon (Online)$nTaxon
=MNI  \\$a0040-0262
=TOC  \\$aETOC
=UNO  \\$aY
=ACF  \\$aPrevious Copyright Fee: GBP28.00$c0$e01-apr-2019$fGBP28.00$g0$hC$5Uk
=ACF  \\$aPrevious Copyright Fee: GBP17.50$c0$e06-mar-2019$fGBP17.50$g0$hA$5Uk
=LAS  \\$a8055$b40$c20201110$lBLL01$h1428

