=LDR  03940cas a2200937 a 4500
=001  019200410
=003  Uk
=005  20201110143212.0
=006  m\\\\\o\\d\\\\\\\\
=007  cr\cnu||||||||
=008  050222c19929999njumr\pso\\\\\0\\\a0eng\c
=FMT  \\$a  SE
=010  \\$a  2005213337
=016  7\$a2051010-X$2DE-600
=022  \\$a1554-7531
=035  \\$a(OCoLC)57710020$z(OCoLC)173398890$z(OCoLC)173415327$z(OCoLC)173425193$z(OCoLC)232116106$z(OCoLC)1080641320$z(OCoLC)1099132873
=037  \\$aISSN_10614303$bPortico$nWiley
=040  \\$aNSD$beng$cNSD$dBUF$dNSD$dEYM$dHUL$dOCLCQ$dHEBIS$dGBT$dEMI$dOCLCQ$dOCLCO$dOCLCF$dOCLCO$dOCLCQ$dDEBBG$dCOD$dOCLCO$dOCLCA$dAU@$dOCLCO$dWYU$dU3W$dVT2$dOCLCO$dAZU$dNLM$dUk
=042  \\$aukblsr
=050  10$aISSN RECORD
=050  14$aTD365
=082  04$a628.16$223
=222  \0$aWater environment research$b(Online)
=245  00$aWater environment research /$cWater Environment Federation.
=246  1\$iAlso known as:$aWER
=246  1\$iBeginning with 2000, 1 issue a year has title:$aWater environment research.$pLiterature review
=260  \\$aAlexandria, Va. :$bWater Environment Federation,$c©1992-
=264  31$aHoboken, NJ :$bWiley Subscription Services on behalf of The Water Environment Foundation
=310  \\$aMonthly,$b2006-
=321  \\$aBimonthly (with an additional issue every year),$b1992-2005
=336  \\$atext$2rdacontent
=337  \\$acomputer$2rdamedia
=338  \\$aonline resource$2rdacarrier
=362  0\$aVol. 64, no. 1 (Jan./Feb. 1992)-
=500  \\$aTitle from cover (JSTOR, viewed Jan. 22, 2009).
=588  \\$aLatest issue consulted: volume 91, issue 11 (November 2019) (Wiley Online Library, viewed October 29, 2019).
=540  \\$aCurrent Copyright Fee: GBP32.00$c35\0$5Uk
=650  \0$aWater quality management$vPeriodicals.
=650  \0$aWater$xPurification$vPeriodicals.
=650  \0$aWater$xPollution$vPeriodicals.
=650  \7$aWater$xPollution.$2fast$0(OCoLC)fst01171279
=650  \7$aWater$xPurification.$2fast$0(OCoLC)fst01171363
=650  \7$aWater quality management.$2fast$0(OCoLC)fst01171900
=650  \2$aSewage.
=650  \2$aWater Pollution.
=655  \7$aPeriodicals.$2fast$0(OCoLC)fst01411641
=655  \0$aElectronic journals.
=655  \2$aPeriodicals.
=710  2\$aWater Environment Federation.
=776  08$iPrint version:$tWater environment research$x1061-4303
=780  00$tResearch journal of the Water Pollution Control Federation$x2327-7475
=859  \\$aELD$bejournal
=856  \\$31850-9999$uhttp://onlinelibrary.wiley.com/$xBLDSS
=856  40$uhttps://onlinelibrary.wiley.com/journal/15547531
=852  41$aBritish Library$bHMNTS$jELD Digital store$3Volume 85:Number 1(2013)-
=852  \\$aBritish Library$bDSC$j9270.004600$3Volume 91:Issue 1(2019)-
=945  \\$aWater Environment Research.
=959  \\$fCurrently received
=CAT  \\$a15005$b40$c20190107$lBLL01$h1456
=CAT  \\$a15005$b40$c20190107$lBLL01$h1457
=CAT  \\$a5552$b40$c20190211$lBLL01$h1226
=CAT  \\$a5552$b40$c20190218$lBLL01$h1618
=CAT  \\$aBLDSS-3PM$b00$c20190227$lBLL01$h1406
=CAT  \\$aBATCH-UPD$b00$c20190227$lBLL01$h1411
=CAT  \\$a8323$b40$c20190304$lBLL01$h1420
=CAT  \\$a12654$b40$c20190410$lBLL01$h1621
=CAT  \\$a10983$b40$c20190523$lBLL01$h1551
=CAT  \\$a10806$b40$c20191029$lBLL01$h1145
=CAT  \\$aR1911-0245$c20191127$lBLL01$h0824
=CAT  \\$aR1911-0245$c20191127$lBLL01$h1045
=CAT  \\$aIPL-CLA$c20191231$lBLL01$h2046
=CAT  \\$a8055$b40$c20201110$lBLL01$h1432
=CFI  0\$aCurrent Copyright Fee: GBP32.00$c35\0$e01-jan-2020$fGBP32.00$g0$hP$5Uk
=CFI  2\$aPrevious Copyright Fee: GBP28.00$c35\0$e11-feb-2019$fGBP28.00$g0$hP$5Uk
=FFP  \\$aY$bBLDSS-3PM
=FIN  \\$aY$d20191029
=MNI  \\$a1061-4303
=SID  \\$aZ39$bOCLC
=TOC  \\$aETOC
=UNO  \\$aY
=LAS  \\$a8055$b40$c20201110$lBLL01$h1432

