=LDR  04484cas a2201069 a 4500
=001  019200688
=003  Uk
=005  20201110142307.0
=006  m\\\\\o\\d\\\\\\\\
=007  cr\|||||||||||
=008  050615c19149999xnaer\pso\\\\\0\\\a0eng\c
=FMT  \\$a  SE
=010  \\$a  2011250792
=022  \\$a1326-5377
=030  \\$aMJAUAJ
=035  \\$a(OCoLC)60637559$z(OCoLC)44214251$z(OCoLC)243565490$z(OCoLC)1058068465$z(OCoLC)1101720963$z(OCoLC)1125754875
=037  \\$aISSN_0025729X$bPortico$nWiley
=040  \\$aOCLCS$beng$cOCLCS$dMUQ$dUV0$dOCLCQ$dQE2$dOCLCQ$dBUF$dN@F$dSBH$dCUS$dSYB$dDLC$dOCLCQ$dOCLCF$dOCLCO$dOCLCQ$dOCLCO$dOCLCQ$dOCLCO$dWY@$dOCLCO$dOCLCA$dAPUMS$dOCLCQ$dOCLCO$dOCLCQ$dAU@$dOCLCO$dWYU$dOCLCO$dOCLCA$dOCLCQ$dOCLCO$dVT2$dCUS$dUk
=042  \\$aukblsr
=050  \4$aR99
=060  \4$aW1$bME345
=082  04$a610$223
=222  \0$aMedical journal of Australia$b(Online)
=245  04$aThe medical journal of Australia.
=246  1\$iIssues for <18 Nov. 2002-> called also:$aJournal of the Australian Medical Association
=246  1\$iIssues for 2006- have title:$aMJA
=246  1\$iWebsite title:$aEMJA
=260  \\$aSydney :$bAustralasian Medical Pub. Co.
=260  3\$3<18 Nov. 2002-> :$aPyrmont, NSW :$bAustralasian Medical Pub. Co.
=300  \\$a1 online resource
=310  \\$aFortnightly,$b<1995->
=321  \\$aWeekly,$b<1916->
=336  \\$atext$2rdacontent
=337  \\$acomputer$2rdamedia
=338  \\$aonline resource$2rdacarrier
=362  1\$aPrint began with v. 1 in July 1914.
=515  \\$aSeries number indicates year of publication.
=525  \\$aSupplements accompany some volumes.
=538  \\$aMode of access: World Wide Web.
=550  \\$aJournal of the Australian branches of the British Medical Association, 1914-1921; of the Australian Medical Association, 1962-
=580  \\$aMerger of: Australasian medical gazette, and: Australian medical journal (Melbourne, Vic. : 1910).
=588  \\$aDescription based on print version record.
=588  \\$aLatest issue consulted: volume 211, no. 9 (4 November 2019) (Wiley Online Library, viewed November 4, 2019).
=540  \\$aCurrent Copyright Fee: GBP32.00$c35\0$5Uk
=650  \0$aMedicine$vPeriodicals.
=650  \2$aMedicine.
=650  \6$aMédecine$vPériodiques.
=650  \7$aMedicine.$2fast$0(OCoLC)fst01014893
=655  \2$aPeriodical.
=655  \7$aPeriodicals.$2fast$0(OCoLC)fst01411641
=655  \0$aElectronic journals.
=710  2\$aBritish Medical Association.
=710  2\$aAustralian Medical Association.
=776  08$iPrint version:$tMedical journal of Australia$x0025-729X
=780  14$tAustralasian medical gazette
=780  14$tAustralian medical journal (Melbourne, Vic. : 1910)
=859  \\$aELD$bejournal
=856  \\$31850-9999$uhttp://onlinelibrary.wiley.com/$xBLDSS
=856  40$uhttps://onlinelibrary.wiley.com/journal/13265377
=852  41$aBritish Library$bHMNTS$jELD Digital store$3Volume 198:Issue 1(2013)-
=852  \\$aBritish Library$bDSC$j5529.000000$3Volume 210:Issue 1(2019)-
=945  \\$aMedical Journal of Australia
=959  \\$fCurrently received
=CAT  \\$a15005$b40$c20190108$lBLL01$h1110
=CAT  \\$a8323$b40$c20190304$lBLL01$h0929
=CAT  \\$a5552$b40$c20190306$lBLL01$h0934
=CAT  \\$a5552$b40$c20190306$lBLL01$h1554
=CAT  \\$a5410$b40$c20190307$lBLL01$h0952
=CAT  \\$aBLDSS-3PM$b00$c20190314$lBLL01$h0848
=CAT  \\$aBATCH-UPD$b00$c20190314$lBLL01$h0850
=CAT  \\$a5410$b40$c20190326$lBLL01$h1356
=CAT  \\$a12654$b40$c20190411$lBLL01$h1147
=CAT  \\$a5552$b40$c20190501$lBLL01$h1434
=CAT  \\$a5410$b40$c20190502$lBLL01$h0957
=CAT  \\$a5410$b40$c20190502$lBLL01$h0958
=CAT  \\$a5410$b40$c20190508$lBLL01$h0828
=CAT  \\$a14586$b40$c20190525$lBLL01$h1010
=CAT  \\$a5410$b40$c20190808$lBLL01$h0927
=CAT  \\$a10806$b40$c20191104$lBLL01$h1531
=CAT  \\$aR1911-0245$c20191127$lBLL01$h0824
=CAT  \\$aR1911-0245$c20191127$lBLL01$h1045
=CAT  \\$aIPL-CLA$c20191231$lBLL01$h2046
=CAT  \\$a8055$b40$c20201110$lBLL01$h1423
=CFI  0\$aCurrent Copyright Fee: GBP32.00$c35\0$e01-jan-2020$fGBP32.00$g0$hP$5Uk
=CFI  2\$aPrevious Copyright Fee: GBP28.00$c35\0$e06-mar-2019$fGBP28.00$g0$hP$5Uk
=FFP  \\$aY$bBLDSS-3PM
=FIN  \\$aY$d20191104
=MNI  \\$a0025-729X
=SID  \\$aZ39$bOCLC
=TOC  \\$aETOC
=UNO  \\$aY
=LAS  \\$a8055$b40$c20201110$lBLL01$h1423

