=LDR  03358cas a2200817 i 4500
=001  019611408
=003  Uk
=005  20231016143802.0
=006  m\\\\\o\\d\\\\\\\\
=007  cr\|||||||||||
=008  190517c20209999njufr\p\o\\\\\0\\\a0eng\\
=FMT  \\$a  SE
=010  \\$a  2019201306
=015  \\$aGBC0I6162$2bnb
=022  0\$a2643-7961$21
=035  \\$a(OCoLC)1101617905$z(OCoLC)1162164832
=037  \\$aISSN_26437961_2$bPortico$nWiley
=040  \\$aDLC$beng$cDLC$dDLC$dSFB$dDLC$dDKU$dOCLCO$dDLC$dOCLCF$dUk$erda
=042  \\$aukblsr
=050  00$aGN33.8
=082  10$a305.42$223
=222  \0$aFeminist anthropology$b(Hoboken, N.J.)
=245  00$aFeminist anthropology :$bthe journal of the Association for Feminist Anthropology.
=264  \1$aHoboken, New Jersey :$bJohn Wiley & Sons Inc.,$c2020-
=310  \\$aSemiannual
=336  \\$atext$2rdacontent
=337  \\$acomputer$2rdamedia
=338  \\$aonline resource$2rdacarrier
=362  0\$aVolume 1, Issue 1 (May 2020)-
=540  \\$aCurrent Copyright Fee: zero$c35\0$5Uk
=500  \\$aTitle from PDF cover (Wiley Online website, viewed November 26, 2020).
=520  \\$a"Feminist Anthropology has a vision of feminism that is heterogeneous, rich, and multi-disciplinary. The journal encompasses a range of praxes within anthropology's spectrum of humanistic and scientific endeavors."
=588  \\$aLatest issue consulted: Volume 1, Issue 2 (November 2020) (viewed November 26, 2020).
=650  \0$aFeminist anthropology$vPeriodicals.
=650  \7$aFeminist anthropology$2fast$0(OCoLC)fst00922753
=655  \7$aPeriodicals$2fast$0(OCoLC)fst01411641
=690  7\$aSocial Welfare$2blcoll
=710  2\$aAssociation for Feminist Anthropology,$eissuing body.
=856  40$31850-9999$uhttp://onlinelibrary.wiley.com/$xBLDSS
=856  40$uhttps://anthrosource.onlinelibrary.wiley.com/journal/26437961
=859  \\$aELD$bejournal
=852  \\$aBritish Library$bDSC$j3905.196900$3Volume 1:Issue 1(2020)-
=852  41$aBritish Library$bHMNTS$jELD Digital store$3Volume 1:Issue 1(2020)-
=945  \\$aFeminist Anthropology.
=959  \\$fCurrently received
=CAT  \\$a15020$b40$c20191113$lBLL01$h1239
=CAT  \\$a15020$b40$c20191113$lBLL01$h1243
=CAT  \\$a5552$b40$c20200114$lBLL01$h0911
=CAT  \\$a5552$b40$c20200114$lBLL01$h1111
=CAT  \\$a5552$b40$c20200117$lBLL01$h1243
=CAT  \\$a12654$b40$c20200122$lBLL01$h0856
=CAT  \\$aBLDSS-3PM$b00$c20200124$lBLL01$h0859
=CAT  \\$aBATCH-UPD$b00$c20200124$lBLL01$h0901
=CAT  \\$a5410$b40$c20200128$lBLL01$h1557
=CAT  \\$a14586$b40$c20200811$lBLL01$h0941
=CAT  \\$a8055$b40$c20200915$lBLL01$h1445
=CAT  \\$a8483$b40$c20201126$lBLL01$h1510
=CAT  \\$a8483$b40$c20201126$lBLL01$h1511
=CAT  \\$a8483$b40$c20201126$lBLL01$h1637
=CAT  \\$aBATCH-SWP$c20201204$lBLL01$h2230
=CAT  \\$a5552$b40$c20210809$lBLL01$h1413
=CAT  \\$a12654$b40$c20231016$lBLL01$h1438
=CFI  0\$aCurrent Copyright Fee: zero$c35\0$e14-jan-2020$fGBP0.00$g0$hP$5Uk
=CFI  1\$aPending Copyright Fee: GBP39.00$c35\0$e01-jan-2024$fGBP39.00$g0$hP$5Uk
=FFP  \\$aY$bBLDSS-3PM
=FIN  \\$aY$d20201126
=LET  \0$aFeminist anthropology (Electronic)
=SID  \\$aZ39$bOCLC
=TOC  \\$aETOC
=UNO  \\$aY
=LAS  \\$a12654$b40$c20231016$lBLL01$h1438

