=LDR  02659cas a2200709 i 4500
=001  019626893
=003  Uk
=005  20211231154752.0
=006  m\\\\\|\\d\|\\\\\\
=007  cr\|||||||||||
=008  191128c20209999gw\\x\p\o\\\\\0\\\a0eng\\
=FMT  \\$a  SE
=015  \\$aGBC0H7626$2bnb
=022  0\$a2629-2742
=037  \\$aISSN_26292742_2$bPortico$nWiley
=040  \\$aUk$beng$cUk$dUk$erda
=042  \\$aukblsr
=082  04$a543$223
=222  \0$aAnalysis & Sensing
=245  00$aAnalysis & Sensing.
=246  3\$aAnalysis and sensing
=264  \1$a[Weinheim] :$bWiley-VCH GmbH,$c2020-
=300  \\$billustrations (black and white, and colour)
=336  \\$atext$2rdacontent
=337  \\$acomputer$2rdamedia
=338  \\$aonline resource$2rdacarrier
=362  0\$a1 (2020)-
=500  \\$aTitle from PDF article (Wiley Online Web site, viewed November 12, 2020).
=525  \\$aArticles are added on an individual basis and archived in the current issue.
=500  \\$aPublished on behalf of a subgroup of Chemistry Europe.
=540  \\$aCurrent copyright fee: GBP39.00$c35\0$5Uk
=650  \0$aChemistry, Analytic$vPeriodicals.
=650  \0$aAnalytical biochemistry$vPeriodicals.
=856  40$31850-9999$uhttp://onlinelibrary.wiley.com/$xBLDSS
=856  40$uhttps://chemistry-europe.onlinelibrary.wiley.com/journal/26292742
=859  \\$aELD$bejournal
=852  41$aBritish Library$bHMNTS$jELD Digital store$3Volume 1:Issue 1(2021)-
=852  \\$aBritish Library$bDSC$j0892.170500$3Volume 1:Issue 1(2021)-
=945  \\$aAnalysis and Sensing
=CAT  \\$a15001$b40$c20191128$lBLL01$h1346
=CAT  \\$a5552$b40$c20191204$lBLL01$h1332
=CAT  \\$aIPL-CLA$c20191231$lBLL01$h2046
=CAT  \\$aBLDSS-3PM$b00$c20200108$lBLL01$h0849
=CAT  \\$aBATCH-UPD$b00$c20200108$lBLL01$h0849
=CAT  \\$a5410$b40$c20200114$lBLL01$h1544
=CAT  \\$a5552$b40$c20200117$lBLL01$h0802
=CAT  \\$a8483$b40$c20201112$lBLL01$h1012
=CAT  \\$a12654$b40$c20210204$lBLL01$h1140
=CAT  \\$a8124$b40$c20210623$lBLL01$h1139
=CAT  \\$a8124$b40$c20210623$lBLL01$h1140
=CAT  \\$a8124$b40$c20210623$lBLL01$h1143
=CAT  \\$a14586$b40$c20211021$lBLL01$h1818
=CAT  \\$aW2111-0842$c20211208$lBLL01$h1943
=CAT  \\$aIPL-CLA$c20211231$lBLL01$h1547
=CFI  0\$aCurrent copyright fee: GBP39.00$c35\0$e01-jan-2022$fGBP39.00$g0$hP$5Uk
=CFI  2\$aPrevious Copyright Fee: zero$c35\0$e01-jan-2020$fGBP0.00$g0$hP$5Uk
=FFP  \\$aY$bBLDSS-3PM
=FIN  \\$aY$d20201112
=LET  \0$aAnalysis & sensing (Electronic)
=TOC  \\$aETOC
=UNO  \\$aY
=LAS  \\$aIPL-CLA$b00$c20211231$lBLL01$h1547

