=LDR  02951cas a2200757 i 4500
=001  017439863
=003  Uk
=005  20220915114327.0
=006  m\\\\\\\\d\|\\\\\\
=007  cr||||||||||||
=008  150709c20169999enkqr\p\o\\\\\0\\\a0eng\\
=FMT  \\$a  SE
=015  \\$aGBB781275$2bnb
=022  0\$a2059-5824$202
=037  \\$aISSN_20595816$bPortico$nEmerald
=040  \\$aUk$beng$cUk$erda
=042  \\$aissnuk$aukblsr
=082  04$a025.00285$223
=222  \0$aDigital library perspectives$b(Online)
=245  00$aDigital library perspectives.
=264  \1$aBingley :$bEmerald Group Publishing Limited,$c2016-
=300  \\$billustrations (black and white)
=310  \\$aQuarterly
=336  \\$atext$2rdacontent
=337  \\$acomputer$2rdamedia
=338  \\$aonline resource$2rdacarrier
=362  0\$aVolume 32, issue 1 (2016)-
=500  \\$aTitle from journal homepage (Emerald Insight, viewed May 10, 2017).
=540  \\$aCurrent copyright fee: GBP30.00$c25\0$5Uk
=650  \0$aDigital libraries$vPeriodicals.
=650  \0$aElectronic information resources$vPeriodicals.
=776  08$iAlso issued in print as:$tDigital library perspectives$x2059-5816
=780  00$tOCLC systems & services (Online)$x2054-1694
=859  \\$aELD$bejournal
=856  \\$31850-9999$uhttp://www.emeraldinsight.com/$xBLDSS
=856  40$uhttp://www.emeraldinsight.com/loi/dlp
=852  \\$aBritish Library$bDSC$j3588.396750$3Volume 32:Issue 1(2016)-
=852  41$aBritish Library$bHMNTS$jELD Digital store$3Volume 32:Issue 1(2016)-
=945  \\$aDigital library perspectives.
=959  \\$fCurrently received
=CAT  \\$a10973$b40$c20150709$lBLL01$h1135
=CAT  \\$a10983$b40$c20160204$lBLL01$h1207
=CAT  \\$a10983$b40$c20160204$lBLL01$h1216
=CAT  \\$a5997$b40$c20160210$lBLL01$h0719
=CAT  \\$a10983$b40$c20160322$lBLL01$h1143
=CAT  \\$a10806$b40$c20170510$lBLL01$h1455
=CAT  \\$a5552$b40$c20170601$lBLL01$h1347
=CAT  \\$aBLDSS-3PM$b00$c20170606$lBLL01$h1445
=CAT  \\$aBATCH-UPD$b00$c20170606$lBLL01$h1446
=CAT  \\$a12654$b40$c20171113$lBLL01$h1351
=CAT  \\$aW1711-1005$c20171206$lBLL01$h1828
=CAT  \\$a5410$b40$c20191104$lBLL01$h1214
=CAT  \\$a5410$b40$c20191106$lBLL01$h1111
=CAT  \\$a8055$b40$c20191127$lBLL01$h1300
=CAT  \\$a8055$b40$c20191127$lBLL01$h1301
=CAT  \\$a10806$b40$c20220915$lBLL01$h1143
=CFI  0\$aCurrent copyright fee: GBP30.00$c25\0$e09-nov-2015$fGBP30.00$g0$hP$5Uk
=FFP  \\$aY$bBLDSS-3PM
=FIN  \\$aY$d20160210
=LET  \0$aDigital library perspectives (Electronic)
=LKR  \\$aPAR$b017439862$lBLL01$r776$mDigital library perspectives (Online)$nDigital library perspectives (Print)
=LKR  \\$aPAR$b012434600$lBLL01$r78000$mDigital library perspectives (Online)$nOCLC systems & services (Online)
=MNI  \\$a2059-5816
=TOC  \\$aETOC
=UNO  \\$aY
=LAS  \\$a10806$b40$c20220915$lBLL01$h1143

