=LDR  03003cas a2200757 i 4500
=001  018719384
=003  Uk
=005  20230114101856.0
=006  m\\\\\\\\d\|||||||
=007  cr||||||||||||
=008  170803c20189999enkmr\p\o\\\\\0\\\a0eng\\
=FMT  \\$a  SE
=015  \\$aGBB856057$2bnb
=022  0\$a2520-1131$202
=037  \\$a???$bSpringer
=040  \\$aUk$beng$cUk$dUk$erda
=042  \\$aukblsr$aissnuk
=082  04$a621.381$223
=222  \0$aNature electronics.
=245  00$aNature electronics.
=264  31$a[London] :$bSpringer Nature,$c2018-
=300  \\$billustrations (black and white, and colour)
=310  \\$aMonthly
=336  \\$atext$2rdacontent
=337  \\$acomputer$2rdamedia
=338  \\$aonline resource$2rdacarrier
=362  0\$aVolume 1, issue 1 (January 2018)-
=500  \\$aTitle from journal homepage (Publisher's website, viewed March 20, 2018).
=588  \\$aLatest issue consulted: volume 1, issue 3 (March 2018) (Publisher's website, viewed March 20, 2018).
=540  \\$aCurrent copyright fee: GBP34.95$c16\0$5Uk
=650  \0$aElectronics$vPeriodicals.
=856  40$uhttp://www.nature.com/natelectron/
=856  4\$31850-9999$uhttp://link.springer.com/$xBLDSS
=859  \\$aELD$bejournal
=852  \\$aBritish Library$bDSC$j6046.500700$3See ESTAR for full holdings.
=852  41$aBritish Library$bHMNTS$jELD Digital store
=945  \\$aNature electronics.
=959  \\$fCurrently received
=985  \\$a3rd party access title for Remote supply please retain as base record when merging/deleting
=985  \\$aISSN UK Centre note: responsibility transferred to ISSN UK Centre (IC Springer Nature project) 6.4.18.
=CAT  \\$a5552$b40$c20180131$lBLL01$h0908
=CAT  \\$a12654$b40$c20180131$lBLL01$h1152
=CAT  \\$aBLDSS-3PM$b00$c20180208$lBLL01$h1048
=CAT  \\$aBATCH-UPD$b00$c20180208$lBLL01$h1052
=CAT  \\$aBATCH-UPD$b00$c20180223$lBLL01$h1707
=CAT  \\$a5110$b40$c20180320$lBLL01$h1551
=CAT  \\$a5110$b40$c20180321$lBLL01$h1108
=CAT  \\$a5110$b40$c20180321$lBLL01$h1109
=CAT  \\$aIPL-CLA$c20180331$lBLL01$h1723
=CAT  \\$a10973$b40$c20180406$lBLL01$h1141
=CAT  \\$aBATCH-UPD$b40$c20180524$lBLL01$h1709
=CAT  \\$a5552$b40$c20180606$lBLL01$h1021
=CAT  \\$a12654$b40$c20190905$lBLL01$h0810
=CAT  \\$aBATCH-UPD$b40$c20221121$lBLL01$h1332
=CAT  \\$aIPL-CLA$c20221231$lBLL01$h1454
=CAT  \\$a10983$b40$c20230114$lBLL01$h1018
=CFI  0\$aCurrent copyright fee: GBP34.95$c16\0$e01-jan-2023$fGBP34.95$g0$hP$5Uk
=CFI  2\$aPrevious copyright fee: GBP24.00$c16\0$e06-jun-2018$fGBP24.00$g0$hP$5Uk
=FFP  \\$aY$bBLDSS-3PM
=FIN  \\$aY$d20180320
=LET  \0$aNature electronics (Electronic)
=TOC  \\$aETOC
=UNO  \\$aY
=ACF  \\$aPreviouscopyright fee: GBP28.54$c22\1$e01-apr-2018$fGBP28.54$g0$hP$5Uk
=ACF  \\$aPrevious copyright fee: GBP30.73$c22\1$e31-jan-2018$fGBP30.73$g0$hP$5Uk
=LAS  \\$a10983$b40$c20230114$lBLL01$h1018

