=LDR  02673cas a2200709 i 4500
=001  019172868
=003  Uk
=005  20210204112432.0
=006  m\\\\\o\\d\\\\\\\\
=007  cr\|||||||||||
=008  180423c20199999njubr\p\o\\\\\0\\\a0eng\\
=FMT  \\$a  SE
=010  \\$a  2018201523
=022  \\$a2578-0727
=035  \\$a(OCoLC)1032004391$z(OCoLC)1101180744
=037  \\$aISSN_25780727$bPortico$nWiley
=040  \\$aDLC$beng$cDLC$dZ5A$dDLC$dOCL$dVT2$dOCL$dMYG$dDLC$dUk$erda
=042  \\$aukblsr
=050  00$aTJ212
=082  04$a629.8$223
=210  0\$aAdv. control appl.
=222  \0$aAdvanced control for applications
=245  00$aAdvanced control for applications.
=264  \1$aHoboken, New Jersey :$bJohn Wiley & Sons Inc,$c[2019?]-
=300  \\$a1 online resource
=310  \\$aBimonthly
=336  \\$atext$2rdacontent
=337  \\$acomputer$2rdamedia
=338  \\$aonline resource$2rdacarrier
=362  1\$aBegan with: Volume 1, Issue 1 (December 2019).
=540  \\$aCurrent Copyright Fee: GBP32.00$c35\0$5Uk
=588  \\$aDescription based on: Volume 1, Issue 1 (December 2019); title from PDF cover image (Wiley Online Library, viewed Jan. 21, 2020).
=588  \\$aLatest issue consulted: Volume 1, Issue 2 (March 2020) (viewed March 16, 2020).
=650  \0$aAutomatic control$vPeriodicals.
=650  \7$aAutomatic control.$2fast$0(OCoLC)fst00822702
=655  \7$aPeriodicals.$2fast$0(OCoLC)fst01411641
=655  \0$aElectronic journals.
=859  \\$aELD$bejournal
=856  \\$31850-9999$uhttp://onlinelibrary.wiley.com/$xBLDSS
=856  40$uhttps://onlinelibrary.wiley.com/journal/25780727
=852  41$aBritish Library$bHMNTS$jELD Digital store$3Volume 1:Issue 1(2019)-
=852  \\$aBritish Library$bDSC$j0696.840650$3Volume 3:Issue 1(2021)-
=945  \\$aAdvanced control for applications.
=959  \\$fCurrently received
=CAT  \\$a14412$b40$c20181210$lBLL01$h1452
=CAT  \\$a14586$b40$c20190405$lBLL01$h1408
=CAT  \\$a5552$b40$c20191203$lBLL01$h1422
=CAT  \\$aIPL-CLA$c20191231$lBLL01$h2046
=CAT  \\$aBLDSS-3PM$b00$c20200108$lBLL01$h0849
=CAT  \\$aBATCH-UPD$b00$c20200108$lBLL01$h0849
=CAT  \\$a5410$b40$c20200114$lBLL01$h1506
=CAT  \\$a10806$b40$c20200316$lBLL01$h0824
=CAT  \\$a10806$b40$c20200316$lBLL01$h0825
=CAT  \\$a12654$b40$c20210204$lBLL01$h1123
=CAT  \\$a12654$b40$c20210204$lBLL01$h1124
=CFI  0\$aCurrent Copyright Fee: GBP32.00$c35\0$e01-jan-2020$fGBP32.00$g0$hP$5Uk
=FFP  \\$aY$bBLDSS-3PM
=FIN  \\$aY$d20200316
=SID  \\$aZ39$bOCLC
=TOC  \\$aETOC
=UNO  \\$aY
=LAS  \\$a12654$b40$c20210204$lBLL01$h1124

