=LDR  02335cas a2200649 i 4500
=001  019641475
=003  Uk
=005  20211231154752.0
=006  m\\\\\|\\d\|\\\\\\
=007  cr\|||||||||||
=008  191209c20209999gw\mr\p\o\\\\\0\\\a0eng\\
=FMT  \\$a  SE
=015  \\$aGBC100261$2bnb
=022  \\$a2688-4062
=037  \\$aISSN_26884062_2$bPortico$nWiley
=040  \\$aUk$beng$cUk$erda
=042  \\$aukblsr
=082  04$a505$223
=222  \0$aSmall structures
=245  00$aSmall structures.
=264  \1$aWeinheim :$bWiley-VCH GmBH
=300  \\$billustrations (black and white, and colour)
=310  \\$aMonthly
=336  \\$atext$2rdacontent
=337  \\$acomputer$2rdamedia
=338  \\$aonline resource$2rdacarrier
=362  0\$aVolume 1, issue 1 (October 2020)-
=500  \\$aTitle from PDF cover (Wiley Online, viewed January 4, 2021).
=588  \\$aLatest issue consulted: volume 1, issue 3 (December 2020) (viewed January 4, 2021).
=540  \\$aCurrent copyright fee: GBP39.00$c35\0$5Uk
=650  \0$aChemistry$vPeriodicals.
=650  \0$aScience$vPeriodicals.
=650  \0$aEngineering$vPeriodicals.
=856  40$31850-9999$uhttp://onlinelibrary.wiley.com/$xBLDSS
=856  40$uhttps://onlinelibrary.wiley.com/journal/26884062
=859  \\$aELD$bejournal
=852  41$aBritish Library$bHMNTS$jELD Digital store$3Volume 1:Issue 1(2020)-
=852  \\$aBritish Library$bDSC$j8310.159000$3Volume 2:Issue 1(2021)-
=945  \\$aSmall Structures.
=CAT  \\$a15020$b40$c20191209$lBLL01$h1131
=CAT  \\$a5552$b40$c20200114$lBLL01$h1501
=CAT  \\$aBLDSS-3PM$b00$c20200124$lBLL01$h0859
=CAT  \\$aBATCH-UPD$b00$c20200124$lBLL01$h0901
=CAT  \\$a5410$b40$c20200204$lBLL01$h1407
=CAT  \\$a14586$b40$c20201210$lBLL01$h1659
=CAT  \\$a8483$b40$c20210104$lBLL01$h1429
=CAT  \\$a12654$b40$c20210204$lBLL01$h1312
=CAT  \\$aW2111-0842$c20211208$lBLL01$h1943
=CAT  \\$aIPL-CLA$c20211231$lBLL01$h1547
=CFI  0\$aCurrent copyright fee: GBP39.00$c35\0$e01-jan-2022$fGBP39.00$g0$hP$5Uk
=CFI  2\$aPrevious Copyright Fee: GBP32.00$c35\0$e14-jan-2020$fGBP32.00$g0$hP$5Uk
=FFP  \\$aY$bBLDSS-3PM
=FIN  \\$aY$d20210104
=LET  \0$aSmall structures (Electronic)
=TOC  \\$aETOC
=UNO  \\$aY
=LAS  \\$aIPL-CLA$b00$c20211231$lBLL01$h1547

