=LDR  02660cas a2200733 i 4500
=001  019673068
=003  Uk
=005  20211231154752.0
=006  m\\\\\o\\d\\\\\\\\
=007  cr\|||||||||||
=008  180726c20199999enkqr\p\o\\\\\0\\\a0eng\\
=FMT  \\$a  SE
=010  \\$a  2018202361
=015  \\$aGBC0F0437$2bnb
=022  \\$a2637-7489$21
=035  \\$a(OCoLC)1046066009
=037  \\$aISSN_26377489_2$bPortico$nWiley
=040  \\$aDLC$beng$cDLC$dDLC$dDKU$dOCLCO$dVT2$dUk$erda
=042  \\$aukblsr
=082  10$a616.5$223
=210  0\$aDermatol. rev.
=222  \0$aDermatological reviews
=245  00$aDermatological reviews.
=264  \1$aOxford :$bJohn Wiley & Sons, Ltd.,$c[2020]-
=310  \\$aQuarterly
=336  \\$atext$2rdacontent
=337  \\$acomputer$2rdamedia
=338  \\$aonline resource$2rdacarrier
=362  0\$aVolume 1, Issue 1 (April 2020)-
=500  \\$aTitle from PDF cover (Wiley Online, viewed October 5, 2020).
=588  \\$aLatest issue consulted: Volume 1, Issue 2 (June 2020) (viewed October 5, 2020).
=515  \\$aArticles are added consecutively to current issue.
=540  \\$aCurrent copyright fee: GBP39.00$c35\0$5Uk
=650  \0$aDermatology$vPeriodicals.
=655  \0$aElectronic journals.
=859  \\$aELD$bejournal
=856  \\$31850-9999$uhttp://onlinelibrary.wiley.com/$xBLDSS
=856  40$uhttps://onlinelibrary.wiley.com/journal/26377489
=852  \\$aBritish Library$bDSC$j3555.183300$3Volume 1:Issue 1(2020)-
=852  41$aBritish Library$bHMNTS$jELD Digital store$3Volume 1:Issue 1(2020)-
=945  \\$aDermatological Reviews
=959  \\$fCurrently received
=CAT  \\$a15001$b40$c20200114$lBLL01$h1426
=CAT  \\$a5552$b40$c20200117$lBLL01$h0805
=CAT  \\$a12654$b40$c20200122$lBLL01$h0837
=CAT  \\$a8055$b40$c20200122$lBLL01$h1255
=CAT  \\$aBLDSS-3PM$b00$c20200124$lBLL01$h0859
=CAT  \\$aBATCH-UPD$b00$c20200124$lBLL01$h0901
=CAT  \\$a5410$b40$c20200128$lBLL01$h1548
=CAT  \\$a5410$b40$c20200128$lBLL01$h1555
=CAT  \\$a14586$b40$c20200617$lBLL01$h1117
=CAT  \\$a8483$b40$c20201005$lBLL01$h1218
=CAT  \\$a8483$b40$c20201005$lBLL01$h1219
=CAT  \\$a8483$b40$c20201005$lBLL01$h1221
=CAT  \\$aW2111-0842$c20211208$lBLL01$h1943
=CAT  \\$aIPL-CLA$c20211231$lBLL01$h1547
=CFI  0\$aCurrent copyright fee: GBP39.00$c35\0$e01-jan-2022$fGBP39.00$g0$hP$5Uk
=CFI  2\$aPrevious Copyright Fee: zero$c35\0$e17-jan-2020$fGBP0.00$g0$hP$5Uk
=FFP  \\$aY$bBLDSS-3PM
=FIN  \\$aY$d20201005
=SID  \\$aZ39$bOCLC
=TOC  \\$aETOC
=UNO  \\$aY
=LAS  \\$aIPL-CLA$b00$c20211231$lBLL01$h1547

