=LDR  03085cas a2200733 i 4500
=001  016260279
=003  Uk
=005  20171201153828.0
=006  m\\\\\\\\d\|\\\\\\
=007  cr||||||||||||
=008  130129c20149999enkmr\p\o\\\\\0\\\a0eng\\
=FMT  \\$a  SE
=015  \\$aGBB4A3137$2bnb
=022  0\$a2052-1553$202
=037  \\$aISSN_20521553$bPortico$nRoyal Society of Chemistry
=040  \\$aUk$beng$cUk$erda
=042  \\$aissnuk$aukblsr
=082  04$a546.05$223
=210  0\$aInorg. chem. front.$b(Online)
=222  \0$aInorganic chemistry frontiers$b(Online)
=245  00$aInorganic chemistry frontiers.
=264  \1$aCambridge :$bRoyal Society of Chemistry
=310  \\$aMonthly
=336  \\$atext$2rdacontent
=337  \\$acomputer$2rdamedia
=338  \\$aonline resource$2rdacarrier
=362  0\$aVolume 1, number 1 (January 2014)-
=540  \\$aCurrent copyright fee: GBP46.75$c6\1$5Uk
=588  \\$aDescription based on volume 1, issue 4 (April 2014), viewed on publisher's website May 13, 2014.
=650  \0$aChemistry, Inorganic$vPeriodicals.
=776  08$iAlso issued in print as:$tInorganic chemistry frontiers$x2052-1545
=859  \\$aELD$bejournal
=856  \\$31850-9999$uhttp://www.rsc.org/$xBLDSS
=856  4\$uhttp://pubs.rsc.org/en/journals/journalissues/qi#!issues
=852  \\$aBritish Library$bDSC$j4515.872000$3Volume 4:Issue 1(2017)-***See ESTAR for full holdings.
=852  41$aBritish Library$bSTI$jELD Digital store$3Volume 2:Issue 1(2015)-***Previous issues available in print copy
=945  \\$aInorganic chemistry frontiers.
=985  \\$aISSN description based on: volume 1, issue 4 (April 2014), viewed on publisher's website, May 13, 2014.
=985  \\$aROAD coding removed at request of publisher - not open access publication. See email received from IC, December 22 2016. ISSN UK, 03.02.17.
=CAT  \\$a10806$b40$c20130129$lBLL01$h1036
=CAT  \\$a11315$b40$c20140513$lBLL01$h1212
=CAT  \\$a11315$b40$c20140513$lBLL01$h1213
=CAT  \\$a5997$b40$c20140925$lBLL01$h0959
=CAT  \\$a8411$b40$c20141017$lBLL01$h1539
=CAT  \\$a11317$b40$c20141209$lBLL01$h1028
=CAT  \\$a11313$b40$c20170103$lBLL01$h1153
=CAT  \\$a11313$b40$c20170103$lBLL01$h1154
=CAT  \\$a12654$b40$c20170614$lBLL01$h0746
=CAT  \\$a12654$b40$c20170614$lBLL01$h0747
=CAT  \\$a12654$b40$c20170615$lBLL01$h0851
=CAT  \\$aBLDSS-3PM$b00$c20170619$lBLL01$h1413
=CAT  \\$aBATCH-UPD$b00$c20170619$lBLL01$h1414
=CAT  \\$aBATCH-UPD$b00$c20170621$lBLL01$h0037
=CAT  \\$a5410$b40$c20171201$lBLL01$h1538
=CAT  \\$aW1711-1005$c20171206$lBLL01$h1825
=CFI  0\$aCurrent copyright fee: GBP46.75$c6\1$e14-jun-2017$fGBP46.75$g0$hP$5Uk
=FFP  \\$aY$bBLDSS-3PM
=FIN  \\$aY$d20140513
=LET  \0$aInorganic chemistry frontiers (Electronic)
=LKR  \\$aPAR$b016260276$lBLL01$nInorganic chemistry frontiers (Print)$mInorganic chemistry frontiers (Online)$r776
=MNI  \\$a2052-1553
=TOC  \\$aETOC
=UNO  \\$aY
=LAS  \\$aW1711-1005$b00$c20171206$lBLL01$h1825

