=LDR  03259cas a2200781 i 4500
=001  016298139
=003  Uk
=005  20190626103705.0
=006  m\\\\\\\\d\|\\\\\\
=007  cr||||||||||||
=008  130311c20149999enkmx\p\o\\\\\0\\\a0eng\\
=FMT  \\$a  SE
=015  \\$aGBB4A3151$2bnb
=022  0\$a2052-4129$202
=037  \\$aISSN_20524129$bPortico$nRoyal Society of Chemistry
=040  \\$aUk$beng$cUk$erda
=042  \\$aissnuk$aukblsr
=082  04$a547.005$223
=222  \0$aOrganic chemistry frontiers$b(Online)
=245  00$aOrganic chemistry frontiers.
=264  \1$aCambridge :$bRoyal Society of Chemistry,$c2014-
=310  \\$a12 issues yearly
=336  \\$atext$2rdacontent
=337  \\$acomputer$2rdamedia
=338  \\$aonline resource$2rdacarrier
=362  0\$aVolume 1, number 1 (March 2014)-
=500  \\$aTitle from PDF cover (publisher's Web site, viewed September 25, 2014).
=588  \\$aLatest issue consulted: volume 1, number 8 (October 2014) (viewed September 25, 2014).
=540  \\$aCurrent copyright fee: GBP46.75$c6\1$5Uk
=650  \0$aChemistry, Organic$vPeriodicals.
=710  2\$aRoyal Society of Chemistry (Great Britain)
=710  2\$aShanghai you ji hua xue yan jiu suo,$eissuing body.
=710  2\$aZhongguo hua xue hui (Beijing, China),$eissuing body.
=776  08$iAlso issued in print as:$tOrganic chemistry frontiers$x2052-4110
=859  \\$aELD$bejournal
=856  \\$31850-9999$uhttp://www.rsc.org/$xBLDSS
=856  40$uhttp://pubs.rsc.org/en/journals/journalissues/qo#!recentarticles&all
=852  \\$aBritish Library$bDSC$j6287.121000$3Volume 4:Issue 1(2017)-***See ESTAR for full holdings.
=852  41$aBritish Library$bSTI$jELD Digital store$3Volume 1:Issue 11(2014)-***Previous issues available in print copy
=945  \\$aOrganic chemistry frontiers.
=959  \\$fCurrently received
=CAT  \\$a10973$b40$c20130311$lBLL01$h0933
=CAT  \\$a5110$b40$c20140514$lBLL01$h1337
=CAT  \\$a11316$b40$c20140925$lBLL01$h1129
=CAT  \\$a8411$b40$c20141020$lBLL01$h0935
=CAT  \\$a11317$b40$c20141209$lBLL01$h1032
=CAT  \\$a5552$b40$c20150422$lBLL01$h1203
=CAT  \\$aBLDSS-3PM$b00$c20150513$lBLL01$h0807
=CAT  \\$a5552$b40$c20150702$lBLL01$h0920
=CAT  \\$aBATCH-UPD$b40$c20160413$lBLL01$h1826
=CAT  \\$aBATCH-UPD$b40$c20160524$lBLL01$h2159
=CAT  \\$aBATCH-UPD$b40$c20160524$lBLL01$h2306
=CAT  \\$aBATCH-UPD$b40$c20161122$lBLL01$h1547
=CAT  \\$aIPL-CLA$c20161231$lBLL01$h0009
=CAT  \\$a5552$b40$c20170321$lBLL01$h1208
=CAT  \\$aW1711-1005$c20171206$lBLL01$h1825
=CAT  \\$a12654$b40$c20190626$lBLL01$h1037
=CFI  0\$aCurrent copyright fee: GBP46.75$c6\1$e01-jan-2017$fGBP46.75$g0$hP$5Uk
=CFI  2\$aPrevious copyright fee: GBP41.80$c6\1$e02-jul-2015$fGBP41.80$g0$hP$5Uk
=FFP  \\$aY$bBLDSS-3PM
=FIN  \\$aY$d20140925
=LET  \0$aOrganic chemistry frontiers (Electronic)
=LKR  \\$aPAR$b016298138$lBLL01$nOrganic chemistry frontiers (Print)$mOrganic chemistry frontiers (Online)$r776
=MNI  \\$a2052-4110
=TOC  \\$aETOC
=UNO  \\$aY
=ACF  \\$aPrevious copyright fee: GBP37.80$c6\1$e22-APR-2015$fGBP37.80$g0$hP$5Uk
=LAS  \\$a12654$b40$c20190626$lBLL01$h1037

