=LDR  04340cas a2201045 a 4500
=001  016323845
=003  Uk
=005  20191231203442.0
=006  m\\\\\|\\d\|\\\\\\
=007  cr\|||||||||||
=008  080611c20099999enkmr\poo\\\\\0\\\a0eng\c
=FMT  \\$a  SE
=010  \\$a  2008213115
=015  \\$aGBB342095$2bnb
=022  \\$a1942-7611
=035  \\$a(OCoLC)231680841
=037  \\$aISSN_19427603$bPortico$nWiley
=040  \\$aNSDP$beng$cNSDP$dWaU$dOCoLC$dDLC$dOKentU$dViRCU$dDLC$dOCoLC$dUk
=042  \\$aukblsr$ansdp
=060  00$aW1$bDR608S
=082  04$a615.1901$223
=130  0\$aDrug testing and analysis (Online)
=210  0\$aDrug test. anal.$b(Online)
=222  \0$aDrug testing and analysis$b(Online)
=245  10$aDrug testing and analysis$h[electronic resource].
=246  17$aDrug test. analysis
=260  \\$aBognor Regis, West Sussex, England :$bJohn Wiley & Sons
=300  \\$billustrations (black and white, and colour)
=310  \\$aMonthly
=336  \\$atext$2rdacontent
=337  \\$acomputer$2rdamedia
=338  \\$aonline resource$2rdacarrier
=362  1\$aBegan with vol. 1, issue 1 (Jan. 2009).
=515  \\$aSome issues combined.
=588  \\$aDescription based on: Vol. 1, issue 1 (Jan. 2009) (Wiley InterScience, viewed June 9, 2009).
=588  \\$aLatest issue consulted: volume 5, issue 4 (April 2013) (Wiley Online Library, viewed April 24, 2013).
=540  \\$aCurrent Copyright Fee: GBP46.00$c35\0$5Uk
=650  \0$aDrugs$xAnalysis$vPeriodicals.
=650  \0$aDrug testing$vPeriodicals.
=650  \0$aChemistry, Forensic$vPeriodicals.
=776  08$iPrint version:$tDrug testing and analysis$x1942-7603
=859  \\$aELD$bejournal
=856  \\$31850-9999$uhttp://onlinelibrary.wiley.com/$xBLDSS
=856  40$uhttp://onlinelibrary.wiley.com/journal/10.1002/(ISSN)1942-7611
=856  40$uhttp://rzblx1.uni-regensburg.de/ezeit/warpto.phtml?colors=7&jour_id=110501
=856  40$uhttp://www3.interscience.wiley.com/journal/121408477/home
=852  \\$aBritish Library$bDSC$j3629.424000$3Volume 10:Issue 1(2018)-
=852  41$aBritish Library$bSTI$jELD Digital store$3Volume 5:Issue 1(2013:Jan.)-***Previous issues available in print copy
=945  \\$aDrug testing and analysis.
=959  \\$fCurrently received
=CAT  \\$a10983$b40$c20130422$lBLL01$h1209
=CAT  \\$aBATCH-CLA$b00$c20130531$lBLL01$h1652
=CAT  \\$aIPL-CLA$c20130701$lBLL01$h0157
=CAT  \\$aWR13.114$c20130717$lBLL01$h1315
=CAT  \\$aBATCH-PORT$c20130829$lBLL01$h1113
=CAT  \\$aBATCH-CLA$b00$c20131129$lBLL01$h1704
=CAT  \\$aIPL-CLA$c20140101$lBLL01$h0210
=CAT  \\$aWR14_009$c20140204$lBLL01$h2342
=CAT  \\$a5552$b40$c20140217$lBLL01$h0802
=CAT  \\$aBLDSS-3PM$b00$c20141214$lBLL01$h1527
=CAT  \\$aBATCH-UPD$b00$c20150215$lBLL01$h1706
=CAT  \\$aIPL-CLA$c20150228$lBLL01$h2057
=CAT  \\$aBATCH-UPD$b00$c20160413$lBLL01$h1826
=CAT  \\$aBATCH-UPD$b00$c20160607$lBLL01$h1139
=CAT  \\$a5552$b40$c20170131$lBLL01$h0912
=CAT  \\$aW1711-1005$c20171206$lBLL01$h1825
=CAT  \\$aBATCH-UPD$b00$c20180219$lBLL01$h1756
=CAT  \\$a5410$b40$c20180315$lBLL01$h1043
=CAT  \\$a8055$b40$c20180629$lBLL01$h1244
=CAT  \\$aBATCH-UPD$b40$c20181121$lBLL01$h1626
=CAT  \\$aIPL-CLA$c20181231$lBLL01$h1552
=CAT  \\$a5410$b40$c20190429$lBLL01$h1351
=CAT  \\$aR1911-0245$c20191127$lBLL01$h1015
=CAT  \\$aR1911-0245$c20191127$lBLL01$h1031
=CAT  \\$aR1911-0245$c20191127$lBLL01$h1034
=CAT  \\$aIPL-CLA$c20191231$lBLL01$h2034
=CFI  0\$aCurrent Copyright Fee: GBP46.00$c35\0$e01-jan-2020$fGBP46.00$g0$hP$5Uk
=CFI  2\$aPrevious copyright fee: GBP28.00$c35\0$e01-jan-2019$fGBP28.00$g0$hP$5Uk
=FFP  \\$aY$bBLDSS-3PM
=FIN  \\$aY$d20130424
=LET  \0$aDrug testing and analysis (Online)
=MNI  \\$a1942-7603
=SRC  \\$aBLL02
=TOC  \\$aETOC
=UNO  \\$aY
=ACF  \\$aPrevious Copyright Fee: GBP22.60$c0$e01-jan-2014$fGBP22.60$g0$hC$5Uk
=ACF  \\$aPrevious Copyright Fee: GBP12.00$c0$e01-jul-2013$fGBP12.00$g0$hC$5Uk
=ACF  \\$aPrevious copyright fee: GBP22.00$c35\0$e17-feb-2014$fGBP22.00$g0$hP$5Uk
=ACF  \\$aPrevious copyright fee: GBP24.00$c35\0$e01-mar-2015$fGBP24.00$g0$hP$5Uk
=LAS  \\$aIPL-CLA$b00$c20191231$lBLL01$h2034

