=LDR  04223cas a2200973 i 4500
=001  016323886
=003  Uk
=005  20221029114836.0
=006  m\\\\\o\\d\\\\\\\\
=007  cr\cn|||||||||
=008  130313c20139999gw\mr\\\o\\\\\0\\\a0eng\d
=FMT  \\$a  SE
=015  \\$aGBB346951$2bnb
=022  \\$a2195-1071
=035  \\$a(OCoLC)829944880
=037  \\$aISSN_21951071$bPortico$nWiley
=040  \\$aSTF$beng$cSTF$dUk$erda
=042  \\$aukblsr
=050  \4$aQC374
=082  04$a620.11295$223
=222  \0$aAdvanced optical materials
=245  00$aAdvanced optical materials.
=264  \1$aWeinheim, Germany :$bWiley-VCH Verlag GmbH & Co. KGaA,$c[2013]-
=310  \\$aMonthly
=336  \\$atext$2rdacontent
=337  \\$acomputer$2rdamedia
=338  \\$aonline resource$2rdacarrier
=362  1\$aBegan with Volume 1, Issue 1 (January 2013).
=580  \\$aAdvanced Optical Materials was published as a special focus section integrated in Advanced Materials in 2012 and launched as a journal at the start of 2013.
=588  \\$aDescription based on: Volume 1, Issue 1 (January 2013); title from journal homepage (Wiley Online Library version, viewed March 13, 2013).
=588  \\$aLatest issue consulted: volume 2, issue 3 (March 2014) (Wiley Online Library, viewed April 1, 2014).
=540  \\$aCurrent copyright fee: GBP46.00$c35\0$5Uk
=650  \0$aOptical materials$vPeriodicals.
=650  \0$aPhotonics$vPeriodicals.
=780  17$tAdvanced materials (Deerfield Beach, Fla. : Online)$x1521-4095
=859  \\$aELD$bejournal
=856  \\$31850-9999$uhttp://onlinelibrary.wiley.com/$xBLDSS
=856  40$uhttp://onlinelibrary.wiley.com/journal/10.1002/(ISSN)2195-1071
=852  41$aBritish Library$bHMNTS$jELD Digital store$3Volume 1:Issue 1(2013:Jan.)-***Previous issues available in print copy
=852  41$aBritish Library$bDSC$j0696.918600$3Volume 1:Issue 1(2013)-Volume 2:Issue 12(2014)***See ESTAR for full holdings.
=945  \\$aAdvanced optical materials
=959  \\$fHeld but not currently received
=979  \\$aBritish Library$bDSC$j0696.918600
=985  \\$aELD accessioning record upgraded 14/5/13
=CAT  \\$a10983$b40$c20130422$lBLL01$h1329
=CAT  \\$a11316$b40$c20130528$lBLL01$h1150
=CAT  \\$a12654$b40$c20131211$lBLL01$h1437
=CAT  \\$a12654$b40$c20131211$lBLL01$h1448
=CAT  \\$a12654$b40$c20140203$lBLL01$h1055
=CAT  \\$a5552$b40$c20140213$lBLL01$h1424
=CAT  \\$a8411$b40$c20140331$lBLL01$h1146
=CAT  \\$a8483$b40$c20140401$lBLL01$h1207
=CAT  \\$aBLDSS-3PM$b00$c20141214$lBLL01$h1527
=CAT  \\$aBATCH-UPD$b00$c20150215$lBLL01$h1706
=CAT  \\$aIPL-CLA$c20150228$lBLL01$h2057
=CAT  \\$aBATCH-UPD$b00$c20150821$lBLL01$h0709
=CAT  \\$aCDS15-UPD$b40$c20150918$lBLL01$h1640
=CAT  \\$aBATCH-UPD$b40$c20160531$lBLL01$h1252
=CAT  \\$aW1711-1005$c20171206$lBLL01$h1825
=CAT  \\$aBATCH-UPD$b00$c20180219$lBLL01$h1756
=CAT  \\$a5552$b40$c20181102$lBLL01$h1140
=CAT  \\$aIPL-CLA$c20181231$lBLL01$h1552
=CAT  \\$a5410$b40$c20190829$lBLL01$h0828
=CAT  \\$a5410$b40$c20190829$lBLL01$h0829
=CAT  \\$aR1911-0245$c20191127$lBLL01$h0944
=CAT  \\$aR1911-0245$c20191127$lBLL01$h1045
=CAT  \\$aIPL-CLA$c20191231$lBLL01$h2034
=CAT  \\$aW2111-0842$c20211209$lBLL01$h1035
=CAT  \\$aIPL-CLA$c20211231$lBLL01$h1545
=CAT  \\$a5410$b40$c20221029$lBLL01$h1148
=CFI  0\$aCurrent copyright fee: GBP46.00$c35\0$e01-jan-2022$fGBP46.00$g0$hP$5Uk
=CFI  2\$aPrevious Copyright Fee: GBP39.00$c35\0$e01-jan-2020$fGBP39.00$g0$hP$5Uk
=FFP  \\$aY$bBLDSS-3PM
=FIN  \\$aY$d20130514
=LET  \0$aAdvanced optical materials (Electronic)
=LKR  \\$aPAR$b013351700$lBLL01$nAdvanced materials (Weinheim.$mAdvanced optical materials.$r78017
=MNI  \\$a2195-1071
=SID  \\$aZ39$bOCLC
=TOC  \\$aETOC
=UNO  \\$aY
=ACF  \\$aPrevious Copyright Fee: GBP22.00$c35\0$e13-feb-2014$fGBP22.00$g0$hP$5Uk
=ACF  \\$aPrevious copyright fee: GBP24.00$c35\0$e01-mar-2015$fGBP24.00$g0$hP$5Uk
=ACF  \\$aPrevious copyright fee: GBP45.00$c35\0$e01-jan-2019$fGBP45.00$g0$hP$5Uk
=LAS  \\$a5410$b40$c20221029$lBLL01$h1148

