=LDR  06059cas a2201249 a 4500
=001  016323952
=003  Uk
=005  20230930081027.0
=006  m\\\\\o\\d\\\\\\\\
=007  cr\bnu||||||||
=008  030604c19779999enkqr\pso\o\\\0\\\a0eng\c
=FMT  \\$a  SE
=010  \\$a2005236625
=015  \\$aGBB349434$2bnb
=016  7\$a027208478$2DE-101
=016  7\$a2181012-6$2DE-600
=022  0\$a1945-2330$l0197-1360$y0197-1360
=035  \\$a(OCoLC)52367447
=037  3\$aISSN_01971360_21$bPortico$nTaylor & Francis
=037  \\$aISSN_01971360$bPortico$nManey Publishing
=040  \\$aUNL$beng$cUNL$dOCLCQ$dEYM$dHUL$dNSD$dCFI$dOCLCQ$dGBVCP$dOCLCQ$dUk
=042  \\$ansdp$aukblsr
=050  14$aN8554
=082  04$a069.53$223
=130  0\$aJournal of the American Institute for Conservation (Online)
=210  0\$aJ. Am. Inst. Conserv.$b(Online)
=222  \0$aJournal of the American Institute for Conservation$b(Online)
=245  10$aJournal of the American Institute for Conservation$h[electronic resource].
=246  13$aJAIC
=246  1\$iJAIC site HTML source title:$aJAIC online
=260  \\$a[Washington, D.C.] :$bAmerican Institute for Conservation of Historic and Artistic Works,$cc1977-
=264  21$32013-$a[Leeds] :$bManey Publishing on behalf of the American Institute for Conservation of Historic and Artistic Works
=264  31$a[Abingdon, Oxfordshire?] :$bRoutledge, Taylor & Francis Group
=310  \\$aQuarterly,$b2013-
=321  \\$aThree no. a year,$b1992-2012
=321  \\$aTwo no. a year,$b1977-1991
=336  \\$atext$2rdacontent
=337  \\$acomputer$2rdamedia
=338  \\$aonline resource$2rdacarrier
=362  0\$aVol. 16, no. 2 (Feb. 1977)-
=500  \\$aTitle from table of contents screen (JAIC site, viewed June 4, 2003).
=538  \\$aMode of access: World Wide Web.
=580  \\$aAlso includes issues of ealier title: Bulletin of the American Institute for Conservation of Historic and Artistic Works (Online).
=588  \\$aLatest issue consulted: volume 55, issue 4 (2016) (Taylor & Francis Online, viewed February 10, 2017).
=540  \\$aCurrent copyright fee: GBP37.00$c2\0$5Uk
=650  \0$aArt$xConservation and restoration$vPeriodicals.
=650  \0$aMuseum conservation methods$vPeriodicals.
=650  \0$aPaper$xPreservation$vPeriodicals.
=710  2\$aAmerican Institute for Conservation of Historic and Artistic Works,$eissuing body.
=776  08$iAlso issued in print as:$tJournal of the American Institute for Conservation$x0197-1360
=780  10$tBulletin of the American Institute for Conservation of Historic and Artistic Works (Online)$x2326-1455
=859  \\$aELD$bejournal
=856  \\$31850-9999$uhttp://www.tandfonline.com/$xBLDSS
=856  40$uhttp://aic.stanford.edu/jaic/index.html
=856  40$uhttp://aic.stanford.edu/jaic/tocvol.html
=856  40$uhttp://www.ingentaconnect.com/content/maney/jac
=856  40$uhttp://www.jstor.org/journals/01971360.html
=856  40$uhttp://www.tandfonline.com/toc/yjac20/current
=852  \\$aBritish Library$bDSC$j4686.640000$3Volume 55:Issue 1(2016)-Volume 56:Issue 3/4(2017)***See ESTAR for full holdings.
=852  41$aBritish Library$bHMNTS$jELD Digital store$3Volume 52:Issue 2(2013:Jun.)-***Previous issues available in print copy
=945  \\$aJournal of the American institute for conservation.
=959  \\$fHeld but not currently received
=979  \\$aBritish Library$bDSC$j4686.640000
=985  \\$aISSN note: responsibility for ISSN transferred to the ISSN UK Centre from the U.S. ISSN Center, 18.06.13.
=985  \\$aISSN responsibility transferred back to US Center 15.2.17.
=CAT  \\$a8411$b40$c20130422$lBLL01$h1451
=CAT  \\$a5552$b40$c20151215$lBLL01$h1433
=CAT  \\$aIPL-CLA$c20151231$lBLL01$h1935
=CAT  \\$aBLDSS-3PM$b00$c20160108$lBLL01$h1820
=CAT  \\$a14448$b40$c20160205$lBLL01$h1136
=CAT  \\$a12654$b40$c20160301$lBLL01$h0915
=CAT  \\$aBATCH-UPD$b40$c20160413$lBLL01$h1826
=CAT  \\$a11433$b40$c20160418$lBLL01$h1150
=CAT  \\$a11433$b40$c20160418$lBLL01$h1152
=CAT  \\$aBATCH-UPD$b40$c20160605$lBLL01$h0649
=CAT  \\$aBATCH-UPD$b40$c20161122$lBLL01$h1543
=CAT  \\$aIPL-CLA$c20161231$lBLL01$h0010
=CAT  \\$a10806$b40$c20170210$lBLL01$h1342
=CAT  \\$a10973$b40$c20170215$lBLL01$h1221
=CAT  \\$aW1711-1005$c20171206$lBLL01$h1825
=CAT  \\$a5552$b40$c20190114$lBLL01$h0940
=CAT  \\$aW1811-111$c20190203$lBLL01$h0956
=CAT  \\$aBATCH-UPD$b00$c20191122$lBLL01$h1921
=CAT  \\$aIPL-CLA$c20191231$lBLL01$h2034
=CAT  \\$aBATCH-UPD$b00$c20201118$lBLL01$h1355
=CAT  \\$aIPL-CLA$c20201231$lBLL01$h1532
=CAT  \\$aBATCH-UPD$b00$c20221121$lBLL01$h1430
=CAT  \\$aIPL-CLA$c20221231$lBLL01$h1451
=CAT  \\$a5410$b40$c20230415$lBLL01$h1302
=CAT  \\$aR2308-1440$c20230824$lBLL01$h0930
=CAT  \\$aIPL-CLA$c20230930$lBLL01$h0810
=CFI  0\$aCurrent copyright fee: GBP37.00$c2\0$e01-oct-2023$fGBP37.00$g0$hP$5Uk
=CFI  2\$aPrevious copyright fee: GBP37.00$c47\0$e01-jan-2023$fGBP37.00$g0$hP$5Uk
=FFP  \\$aY$bBLDSS-3PM
=FIN  \\$aY$d20130501
=LET  \0$aJournal of the American Institute for Conservation (Online)
=LKR  \\$aPAR$b010484112$lBLL01$nJournal of the American Institute for Conservation (Print)$mJournal of the American Institute for Conservation (Online)$r776
=MNI  \\$a0197-1360
=SID  \\$aZ39$bOCLC
=TOC  \\$aETOC
=ACF  \\$aPrevious Copyright Fee: GBP22.00$c0$e01-jul-2013$fGBP22.00$g0$hC$5Uk
=ACF  \\$aPrevious copyright fee: GBP28.00$c47\0$e01-jan-2017$fGBP28.00$g0$hP$5Uk
=ACF  \\$aPrevious copyright fee: GBP26.00$c47\0$e01-jan-2016$fGBP26.00$g0$hP$5Uk
=ACF  \\$aPrevious copyright fee: GBP32.00$c47\0$e14-jan-2019$fGBP32.00$g0$hP$5Uk
=ACF  \\$aPrevious copyright fee: GBP34.00$c47\0$e01-jan-2020$fGBP34.00$g0$hP$5Uk
=ACF  \\$aPrevious copyright fee: GBP35.00$c47\0$e01-jan-2021$fGBP35.00$g0$hP$5Uk
=LAS  \\$aIPL-CLA$b00$c20230930$lBLL01$h0810

