=LDR  03749cas a2200889 i 4500
=001  016326620
=003  Uk
=005  20221029115516.0
=006  m\\\\\o\\d\\\\\\\\
=007  cr||||||||||||
=008  130227c20139999gw\mr\p\o\\\\\0\\\a0eng\d
=FMT  \\$a  SE
=015  \\$aGBB437112$2bnb
=022  0\$a2194-4296
=035  \\$a(OCoLC)828628382
=037  \\$aISSN_21944288$bPortico$nWiley
=040  \\$aSTF$beng$cSTF$dSTF$dUk$erda
=042  \\$aukblsr
=050  \4$aTJ163.13$b.E545
=082  04$a333.79$223
=130  0\$aEnergy technology (Weinheim an der Bergstrasse, Germany)
=222  \0$aEnergy technology$b(Weinheim. Internet)
=245  10$aEnergy technology :$bgeneration, conversion, storage, distribution.
=264  \1$aWeinheim :$bWiley-VCH,$c[2013]-
=310  \\$aMonthly
=336  \\$atext$2rdacontent
=337  \\$acomputer$2rdamedia
=338  \\$aonline resource$2rdacarrier
=362  1\$aBegan with volume 1, issue 1 (January 2013).
=588  \\$aDescription based on: volume 1, issue 1 (January 2013); title from journal homepage (Wiley Online Library, viewed February 27, 2013).
=588  \\$aLatest issue consulted: volume 1, issue 4 (April 2013) (viewed April 26, 2013).
=540  \\$aCurrent copyright fee: GBP46.00$c35\0$5Uk
=650  \0$aEnergy development$vPeriodicals.
=650  \0$aPower resources$vPeriodicals.
=776  08$iAlso issued in print as:$tEnergy technology (Weinheim an der Bergstrasse, Germany)$x2194-4288
=859  \\$aELD$bejournal
=856  \\$31850-9999$uhttp://onlinelibrary.wiley.com/$xBLDSS
=856  40$uhttp://onlinelibrary.wiley.com/journal/10.1002/(ISSN)2194-4296/
=852  41$aBritish Library$bHMNTS$jELD Digital store$3Volume 1:Issue 1(2013:Jan.)-***Previous issues available in print copy
=852  41$aBritish Library$bDSC$j3747.815600$3Volume 1:Issue 1(2013)-Volume 1:Issue 12(2013)***See ESTAR for full holdings.
=945  \\$aEnergy technology
=979  \\$aBritish Library$bDSC$j3747.815600
=CAT  \\$a11316$b40$c20130426$lBLL01$h1153
=CAT  \\$a12654$b40$c20131219$lBLL01$h0930
=CAT  \\$a12654$b40$c20140106$lBLL01$h1117
=CAT  \\$a11433$b40$c20140402$lBLL01$h1557
=CAT  \\$a8124$b40$c20140408$lBLL01$h0851
=CAT  \\$aBLDSS-3PM$b00$c20141214$lBLL01$h1527
=CAT  \\$aBATCH-UPD$b00$c20150215$lBLL01$h1706
=CAT  \\$aIPL-CLA$c20150228$lBLL01$h2057
=CAT  \\$aBATCH-UPD$b00$c20150821$lBLL01$h0714
=CAT  \\$aBATCH-UPD$b00$c20160413$lBLL01$h1826
=CAT  \\$aBATCH-UPD$b00$c20160526$lBLL01$h1542
=CAT  \\$aW1711-1005$c20171206$lBLL01$h1825
=CAT  \\$aBATCH-UPD$b00$c20180219$lBLL01$h1756
=CAT  \\$a5410$b40$c20180221$lBLL01$h0905
=CAT  \\$a5552$b40$c20181102$lBLL01$h1158
=CAT  \\$aIPL-CLA$c20181231$lBLL01$h1552
=CAT  \\$a5410$b40$c20191112$lBLL01$h1135
=CAT  \\$aR1911-0245$c20191127$lBLL01$h0944
=CAT  \\$aR1911-0245$c20191127$lBLL01$h1045
=CAT  \\$aIPL-CLA$c20191231$lBLL01$h2034
=CAT  \\$aW2111-0842$c20211209$lBLL01$h1035
=CAT  \\$aIPL-CLA$c20211231$lBLL01$h1545
=CAT  \\$a5410$b40$c20221029$lBLL01$h1155
=CFI  0\$aCurrent copyright fee: GBP46.00$c35\0$e01-jan-2022$fGBP46.00$g0$hP$5Uk
=CFI  2\$aPrevious Copyright Fee: GBP39.00$c35\0$e01-jan-2020$fGBP39.00$g0$hP$5Uk
=FFP  \\$aY$bBLDSS-3PM
=FIN  \\$aY$d20130426
=MNI  \\$a2194-4288
=SID  \\$aZ39$bOCLC
=TOC  \\$aETOC
=UNO  \\$aY
=ACF  \\$aPrevious copyright fee: GBP22.00$c35\0$e19-dec-2013$fGBP22.00$g0$hP$5Uk
=ACF  \\$aPrevious copyright fee: GBP24.00$c35\0$e01-mar-2015$fGBP24.00$g0$hP$5Uk
=ACF  \\$aPrevious copyright fee: GBP45.00$c35\0$e01-jan-2019$fGBP45.00$g0$hP$5Uk
=LAS  \\$a5410$b40$c20221029$lBLL01$h1155

