=LDR  04684cas a2201033 a 4500
=001  017633972
=003  Uk
=005  20221231145349.0
=006  m\\\\\o\\d\\\\\\\\
=007  cr\|||||||||||
=008  090617c20109999enkqr\pso\\\\\0\\\a0eng\c
=FMT  \\$a  SE
=010  \\$a  2009200315
=015  \\$aGBB5H0519$2bnb
=022  0\$a1949-1255$y1949-1247$21
=035  \\$a(OCoLC)401745137$z(OCoLC)711567173
=037  \\$aISSN_19491247$bPortico$nTaylor & Francis
=040  \\$aNSD$beng$cNSD$dBUF$dOCLCQ$dDLC$dOCLCQ$dOCLCF$dOCLCQ$dOCLCO$dUk
=042  \\$aukblsr
=050  10$aISSN RECORD
=082  04$a363.505$223
=130  0\$aInternational journal of housing policy (Online)
=222  \0$aInternational journal of housing policy$b(Online)
=245  10$aInternational journal of housing policy$h[electronic resource].
=260  \\$aAbingdon, Oxordshire :$bTaylor & Francis
=264  31$aAbingdon, Oxordshire :$bRoutledge
=310  \\$aQuarterly
=336  \\$atext$2rdacontent
=337  \\$acomputer$2rdamedia
=338  \\$aonline resource$2rdacarrier
=362  1\$aBegan with vol. 10, no. 1 (March 2010).
=580  \\$aIncludes issues of earlier title : European journal of housing policy.
=588  \\$aDescription based on: Vol. 10, no. 1 (March 2010); title from article PDF (informaworld, viewed July 14, 2010).
=588  \\$aLatest issue consulted: Volume 15, issue 4 (2015) (Taylor & Francis Online, viewed December 10, 2015).
=540  \\$aCurrent copyright fee: GBP37.00$c2\0$5Uk
=650  \0$aHousing policy$vPeriodicals.
=650  \7$aHousing.$2fast$0(OCoLC)fst00962245
=655  \7$aPeriodicals.$2fast$0(OCoLC)fst01411641
=690  7\$aSocial Welfare$2blcoll
=776  08$iAlso issued in print:$tInternational journal of housing policy
=780  10$tEuropean journal of housing policy (Online)$x1473-3269
=856  \\$31850-9999$uhttp://www.tandfonline.com/$xBLDSS
=856  40$uhttp://www.informaworld.com/openurl?genre=journal&issn=1461-6718
=856  40$uhttp://www.tandfonline.com/toc/reuj20/current
=859  \\$aELD$bejournal
=852  41$aBritish Library$bHMNTS$jELD Digital store$3Volume 16:Issue 1(2016)-
=852  \\$aBritish Library$bDSC$j4542.284200$3Volume 13:Issue 3(2013)-Volume 14:Issue 4(2014)
=CAT  \\$a8124$b40$c20151201$lBLL01$h1451
=CAT  \\$a8124$b40$c20151210$lBLL01$h0942
=CAT  \\$a8124$b40$c20151210$lBLL01$h0944
=CAT  \\$a8124$b40$c20151210$lBLL01$h1513
=CAT  \\$aBATCH-SWP$c20160115$lBLL01$h2216
=CAT  \\$a5552$b40$c20160314$lBLL01$h0914
=CAT  \\$aBLDSS-3PM$b00$c20160322$lBLL01$h1621
=CAT  \\$aBATCH-UPD$b00$c20160413$lBLL01$h1829
=CAT  \\$aBATCH-UPD$b00$c20161122$lBLL01$h1515
=CAT  \\$aBATCH-UPD$b00$c20161122$lBLL01$h1627
=CAT  \\$a10806$b40$c20161208$lBLL01$h1609
=CAT  \\$aIPL-CLA$c20161231$lBLL01$h0024
=CAT  \\$a10983$b40$c20170525$lBLL01$h1554
=CAT  \\$a10983$b40$c20170525$lBLL01$h1624
=CAT  \\$a5410$b40$c20170912$lBLL01$h1045
=CAT  \\$aBATCH-UPD$b40$c20171121$lBLL01$h1651
=CAT  \\$aW1711-1005$c20171206$lBLL01$h1828
=CAT  \\$aIPL-CLA$c20171231$lBLL01$h1830
=CAT  \\$aBATCH-UPD$b00$c20181217$lBLL01$h1641
=CAT  \\$aIPL-CLA$c20181231$lBLL01$h1555
=CAT  \\$aBATCH-UPD$b00$c20191122$lBLL01$h1903
=CAT  \\$aIPL-CLA$c20191231$lBLL01$h2042
=CAT  \\$aBATCH-UPD$b00$c20201118$lBLL01$h1337
=CAT  \\$aIPL-CLA$c20201231$lBLL01$h1533
=CAT  \\$aBATCH-UPD$b00$c20221121$lBLL01$h1350
=CAT  \\$aIPL-CLA$c20221231$lBLL01$h1453
=CFI  0\$aCurrent copyright fee: GBP37.00$c2\0$e01-jan-2023$fGBP37.00$g0$hP$5Uk
=CFI  2\$aPrevious copyright fee: GBP35.00$c2\0$e01-jan-2021$fGBP35.00$g0$hP$5Uk
=FFP  \\$aY$bBLDSS-3PM
=FIN  \\$aY$d20151201
=LET  \0$aInternational journal of housing policy (Electronic)
=LKR  \\$aPAR$b013355802$lBLL01$nEuropean journal of housing policy (Online)$mInternational journal of housing policy (Online)$r78000
=LKR  \\$aPAR$b015625984$lBLL01$nInternational journal of housing policy (Print)$mInternational journal of housing policy (Online)$r776
=MNI  \\$a1949-1255
=SID  \\$aZ39$bOCLC
=TOC  \\$aETOC
=ACF  \\$aPrevious copyright fee: GBP26.00$c2\0$e14-mar-2016$fGBP26.00$g0$hP$5Uk
=ACF  \\$aPrevious copyright fee: GBP28.00$c2\0$e01-jan-2017$fGBP28.00$g0$hP$5Uk
=ACF  \\$aPrevious copyright fee: GBP30.00$c2\0$e01-jan-2018$fGBP30.00$g0$hP$5Uk
=ACF  \\$aPrevious copyright fee: GBP32.00$c2\0$e01-jan-2019$fGBP32.00$g0$hP$5Uk
=ACF  \\$aPrevious copyright fee: GBP34.00$c2\0$e01-jan-2020$fGBP34.00$g0$hP$5Uk
=LAS  \\$aIPL-CLA$b00$c20221231$lBLL01$h1453

