=LDR  04502cas a2200985 i 4500
=001  017657775
=003  Uk
=005  20230418220026.0
=006  m\\\\\|\\d\|\\\\\\
=007  cr\|||||||||||
=008  151209c20039999enkar\p\o\\\\\0\\\a0eng\\
=FMT  \\$a  SE
=015  \\$aGBB611926$2bnb
=022  \\$a2204-2180$y1448-8388
=037  \\$aISSN_14488388_21$bPortico$nTaylor & Francis
=040  \\$aUk$beng$cUk$erda
=042  \\$aukblsr
=082  04$a620.005$223
=222  \0$aAustralian journal of multi-disciplinary engineering$b(Online)
=245  00$aAustralian journal of multi-disciplinary engineering.
=264  \1$aCrows Nest, N.S.W. :$bEngineers Australia,$c2003-
=264  31$32016-$a[Abingdon] :$bTaylor & Francis
=300  \\$billustrations (black and white)
=310  \\$aAnnual,$b2014-
=321  \\$aThree times a year,$b2013
=321  \\$aAnnual,$b2010-2012
=321  \\$aSemiannual,$b2008-2009
=321  \\$aAnnual,$b2003-2007
=336  \\$atext$2rdacontent
=337  \\$acomputer$2rdamedia
=338  \\$aonline resource$2rdacarrier
=362  1\$aPrint began with volume 1, number 1 (2003).
=580  \\$aOriginal print version of this title was preceded by an earlier title: Transactions of the Institution of Engineers, Australia. Multi-disciplinary engineering.
=588  \\$aDescription based on print version record.
=588  \\$aLatest issue consulted: volume 11, number 2 (2015) (Taylor & Francis Online, viewed January 22, 2016).
=540  \\$aCurrent copyright fee: GBP43.00$c2\0$5Uk
=650  \0$aEngineering$vPeriodicals.
=650  \0$aEngineering$zAustralia$vPeriodicals.
=776  08$iAlso issued in print as:$tAustralian journal of multi-disciplinary engineering$x1448-8388
=859  \\$aELD$bejournal
=856  \\$31850-9999$uhttp://www.tandfonline.com/$xBLDSS
=856  40$uhttp://www.tandfonline.com/toc/tmul20/current
=852  \\$aBritish Library$bDSC$j1810.560000$3Volume 12:Issue 1(2016)-Volume 13:Issue 1(2017)***See ESTAR for full holdings.
=852  41$aBritish Library$bHMNTS$jELD Digital store$3Volume 12:Issue 1(2016)-***Previous issues available in print copy
=945  \\$aAustralian journal of multi disciplinary engineering.
=959  \\$fHeld but not currently received
=979  \\$aBritish Library$bDSC$j1810.560000
=CAT  \\$a8464$b40$c20151209$lBLL01$h1445
=CAT  \\$a8323$b40$c20160122$lBLL01$h0901
=CAT  \\$a8037$b40$c20160122$lBLL01$h1107
=CAT  \\$a5552$b40$c20160216$lBLL01$h0837
=CAT  \\$a5552$b40$c20160216$lBLL01$h0915
=CAT  \\$a12654$b40$c20160223$lBLL01$h1204
=CAT  \\$aBLDSS-3PM$b00$c20160225$lBLL01$h1643
=CAT  \\$aBATCH-UPD$b00$c20160413$lBLL01$h1829
=CAT  \\$aBATCH-UPD$b00$c20160829$lBLL01$h0434
=CAT  \\$aBATCH-UPD$b00$c20161122$lBLL01$h1507
=CAT  \\$aIPL-CLA$c20161231$lBLL01$h0024
=CAT  \\$aBATCH-UPD$b00$c20171121$lBLL01$h1656
=CAT  \\$aW1711-1005$c20171206$lBLL01$h1828
=CAT  \\$aIPL-CLA$c20171231$lBLL01$h1830
=CAT  \\$aBATCH-UPD$b00$c20181217$lBLL01$h1646
=CAT  \\$aIPL-CLA$c20181231$lBLL01$h1555
=CAT  \\$aW1811-111$c20190203$lBLL01$h0956
=CAT  \\$aBATCH-UPD$b00$c20191122$lBLL01$h1908
=CAT  \\$aIPL-CLA$c20191231$lBLL01$h2042
=CAT  \\$aBATCH-UPD$b00$c20201118$lBLL01$h1342
=CAT  \\$aIPL-CLA$c20201231$lBLL01$h1533
=CAT  \\$aBATCH-UPD$b00$c20221121$lBLL01$h1341
=CAT  \\$aIPL-CLA$c20221231$lBLL01$h1453
=CAT  \\$a5410$b40$c20230418$lBLL01$h2200
=CFI  0\$aCurrent copyright fee: GBP43.00$c2\0$e01-jan-2023$fGBP43.00$g0$hP$5Uk
=CFI  2\$aPrevious copyright fee: GBP41.00$c2\0$e01-jan-2021$fGBP41.00$g0$hP$5Uk
=FFP  \\$aY$bBLDSS-3PM
=FIN  \\$aY$d20160122
=LET  \0$aAustralian journal of multi-disciplinary engineering (Electronic)
=LKR  \\$aPAR$b010472112$lBLL01$nAustralian journal of multi-disciplinary engineering (Print)$mAustralian journal of multi-disciplinary engineering (Online)$r776
=MNI  \\$a1448-8388
=TOC  \\$aETOC
=ACF  \\$aPrevious Copyright Fee: GBP31.00$c2\0$e16-feb-2016$fGBP31.00$g0$hP$5Uk
=ACF  \\$aPrevious copyright fee: GBP33.00$c2\0$e01-jan-2017$fGBP33.00$g0$hP$5Uk
=ACF  \\$aPrevious copyright fee: GBP35.00$c2\0$e01-jan-2018$fGBP35.00$g0$hP$5Uk
=ACF  \\$aPrevious copyright fee: GBP37.00$c2\0$e01-jan-2019$fGBP37.00$g0$hP$5Uk
=ACF  \\$aPrevious copyright fee: GBP39.00$c2\0$e01-jan-2020$fGBP39.00$g0$hP$5Uk
=LAS  \\$a5410$b40$c20230418$lBLL01$h2200

