=LDR  04922cas a2201129 a 4500
=001  017665125
=003  Uk
=005  20230418215227.0
=006  m\\\\\|\\d\|\\\\\\
=007  cr\|||||||||||
=008  050614c19569999oncqr\p\o\\\\\0\\\a0eng\c
=FMT  \\$a  SE
=010  \\$a  2011234668
=015  \\$aGBB5I6698$2bnb
=022  \\$a2375-2475
=035  \\$a(OCoLC)ocm60622494
=037  \\$aISSN_00085006_21$bPortico$nTaylor & Francis
=040  \\$aOCLCS$beng$cOCLCS$dUV0$dOCLCQ$dOCLCE$dEYM$dHLS$dOCLCQ$dOCLCF$dDLC$dUk
=041  0\$aeng$afre
=042  \\$ansdp$ansdp
=050  \4$aukblsr$b.C3
=055  01$aPG6
=082  04$a891.8$223
=130  0\$aCanadian Slavonic papers (Online)
=222  \0$aCanadian Slavonic papers$b(Online)
=245  10$aCanadian Slavonic papers$h[electronic resource].
=246  31$aRevue canadienne des slavistes$fspring 1967
=260  \\$31956-1966 :$aToronto :$bPublished for the Canadian Association of Slavists by the University of Toronto Press,$c©1956-
=260  2\$31967- :$aOttawa :$bCanadian Association of Slavists
=264  \1$a[Abingdon?] :$bRoutledge, Taylor & Francis Group
=310  \\$aQuarterly,$b1968-
=321  \\$aAnnual,$b1956-1966
=321  \\$aSemiannual,$b1967
=336  \\$atext$2rdacontent
=337  \\$acomputer$2rdamedia
=338  \\$aonline resource$2rdacarrier
=362  1\$aBegan with v. 1 in 1956.
=500  \\$aEnglish title only, 1956-1966.
=538  \\$aMode of access: World Wide Web.
=546  \\$aIncludes some text in French.
=550  \\$aPublished by the University of Toronto Press in cooperation with the University of British Columbia, 1956-1961.
=555  \\$aIndexes: vols. 1-15, 1956-1973. 1 vol.
=588  \\$aDescription based on I, published in 1956; title from PDF cover (JSTOR, viewed August 12, 2011).
=588  \\$aLatest issue consulted: volume 57, issue 3-4 (2015) (Taylor & Francis Online, viewed December 23, 2015).
=540  \\$aCurrent copyright fee: GBP37.00$c2\0$5Uk
=650  \0$aSlavic philology$vPeriodicals.
=710  2\$aCanadian Association of Slavists,$eissuing body.
=730  0\$aRevue canadienne des Slavistes.
=776  08$iAlso issued in print as:$tCanadian Slavonic papers$x0008-5006
=780  05$tEtudes slaves et est-européennes
=859  \\$aELD$bejournal
=856  \\$31850-9999$uhttp://www.tandfonline.com/$xBLDSS
=856  40$uhttp://www.tandfonline.com/toc/rcsp20/current
=852  41$aBritish Library$bHMNTS$jELD Digital store$3Volume 58:Issue 1(2016)-
=852  \\$aBritish Library$bDSC$j3044.740000$3Volume 58:Issue 1(2016)-Volume 59:Issue 3/4(2017)***See ESTAR for full holdings.
=945  \\$aCanadian slavonic papers.
=959  \\$fHeld but not currently received
=979  \\$aBritish Library$bDSC$j3044.740000
=CAT  \\$a8464$b40$c20151215$lBLL01$h1432
=CAT  \\$a8464$b40$c20151215$lBLL01$h1433
=CAT  \\$a5997$b40$c20151223$lBLL01$h0908
=CAT  \\$a5997$b40$c20151223$lBLL01$h0913
=CAT  \\$a8478$b40$c20160203$lBLL01$h1328
=CAT  \\$a12654$b40$c20160223$lBLL01$h1442
=CAT  \\$aWR14_128$c20160226$lBLL01$h1634
=CAT  \\$aBLDSS-3PM$b00$c20160302$lBLL01$h1647
=CAT  \\$aBATCH-UPD$b00$c20160413$lBLL01$h1829
=CAT  \\$aBATCH-UPD$b00$c20160526$lBLL01$h0122
=CAT  \\$aBATCH-UPD$b00$c20161122$lBLL01$h1515
=CAT  \\$aIPL-CLA$c20161231$lBLL01$h0024
=CAT  \\$aBATCH-UPD$b00$c20171121$lBLL01$h1651
=CAT  \\$aW1711-1005$c20171206$lBLL01$h1829
=CAT  \\$aIPL-CLA$c20171231$lBLL01$h1831
=CAT  \\$aBATCH-UPD$b00$c20181217$lBLL01$h1641
=CAT  \\$aIPL-CLA$c20181231$lBLL01$h1555
=CAT  \\$aW1811-111$c20190203$lBLL01$h0956
=CAT  \\$aBATCH-UPD$b00$c20191122$lBLL01$h1903
=CAT  \\$aIPL-CLA$c20191231$lBLL01$h2042
=CAT  \\$aBATCH-UPD$b00$c20201118$lBLL01$h1337
=CAT  \\$aIPL-CLA$c20201231$lBLL01$h1533
=CAT  \\$aBATCH-UPD$b00$c20221121$lBLL01$h1350
=CAT  \\$aIPL-CLA$c20221231$lBLL01$h1453
=CAT  \\$a5410$b40$c20230418$lBLL01$h2152
=CFI  0\$aCurrent copyright fee: GBP37.00$c2\0$e01-jan-2023$fGBP37.00$g0$hP$5Uk
=CFI  2\$aPrevious copyright fee: GBP35.00$c2\0$e01-jan-2021$fGBP35.00$g0$hP$5Uk
=FFP  \\$aY$bBLDSS-3PM
=FIN  \\$aY$d20151223
=LKR  \\$aPAR$b011742616$lBLL01$nCanadian Slavonic papers (Print)$mCanadian Slavonic papers (Online)$r776
=MNI  \\$a0008-5006
=SID  \\$aZ39$bLOC
=TOC  \\$aETOC
=ACF  \\$aPrevious copyright fee: GBP26.00$c2\0$e23-feb-2016$fGBP26.00$g0$hP$5Uk
=ACF  \\$aPrevious copyright fee: GBP28.00$c2\0$e01-jan-2017$fGBP28.00$g0$hP$5Uk
=ACF  \\$aPrevious copyright fee: GBP30.00$c2\0$e01-jan-2018$fGBP30.00$g0$hP$5Uk
=ACF  \\$aPrevious copyright fee: GBP32.00$c2\0$e01-jan-2019$fGBP32.00$g0$hP$5Uk
=ACF  \\$aPrevious copyright fee: GBP34.00$c2\0$e01-jan-2020$fGBP34.00$g0$hP$5Uk
=LAS  \\$a5410$b40$c20230418$lBLL01$h2152

