=LDR  03928cas a2200913 i 4500
=001  017683130
=003  Uk
=005  20230418221136.0
=006  m\\\\\|\\d\|\\\\\\
=007  cr\|||||||||||
=008  151229c19929999enkbr\p\o\\\\\0\\\a0eng\\
=FMT  \\$a  SE
=015  \\$aGBB640589$2bnb
=022  \\$a1839-3535
=037  \\$aISSN_10376178_21$bPortico$nTaylor & Francis
=040  \\$aUk$beng$cUk$erda
=042  \\$aissnuk$aukblsr
=082  04$a610.730994$223
=222  \0$aContemporary nurse$b(Online)
=245  00$aContemporary nurse :$ba journal for the Australian nursing profession.
=264  \1$a[Salisbury East?] :$bHyde Park Press,$c[1992]-
=264  31$a[Abingdon] :$bRoutledge, Taylor & Francis Group
=310  \\$aBimonthly
=321  \\$aQuarterly
=336  \\$atext$2rdacontent
=337  \\$acomputer$2rdamedia
=338  \\$aonline resource$2rdacarrier
=588  \\$aDescription based on print version record.
=588  \\$aLatest issue consulted: volume 51, issue 1 (2015) (Taylor & Francis Onlne, viewed March 22, 2016).
=540  \\$aCurrent copyright fee: GBP46.00$c2\0$5Uk
=650  \0$aNursing$vPeriodicals$zAustralia$xNursing$vPeriodicals.
=650  \0$aNurses$zAustralia$vPeriodicals.
=776  08$iAlso issued in print as:$tContemporary nurse$x1037-6178
=856  40$31850-9999$uhttp://www.tandfonline.com/$xBLDSS
=856  40$uhttp://www.tandfonline.com/toc/rcnj20/current
=859  \\$aELD$bejournal
=852  \\$aBritish Library$bDSC$j3425.195500$3Volume 52:Issue 1(2016)-Volume 53:Issue 6(2017)***See ESTAR for full holdings.
=852  41$aBritish Library$bHMNTS$jELD Digital store$3Volume 52:Issue 1(2016)-***Previous issues available in print copy
=945  \\$aContemporary nurse
=959  \\$fHeld but not currently received
=979  \\$aBritish Library$bDSC$j3425.195500
=CAT  \\$a8464$b40$c20151229$lBLL01$h1345
=CAT  \\$a5552$b40$c20160114$lBLL01$h1441
=CAT  \\$aBLDSS-3PM$b00$c20160201$lBLL01$h1812
=CAT  \\$a8478$b40$c20160205$lBLL01$h1210
=CAT  \\$a12654$b40$c20160224$lBLL01$h0833
=CAT  \\$a12654$b40$c20160229$lBLL01$h1403
=CAT  \\$a5997$b40$c20160322$lBLL01$h1433
=CAT  \\$aBATCH-UPD$b40$c20160413$lBLL01$h1829
=CAT  \\$aBATCH-UPD$b40$c20160517$lBLL01$h1414
=CAT  \\$aBATCH-UPD$b40$c20161122$lBLL01$h1501
=CAT  \\$aIPL-CLA$c20161231$lBLL01$h0024
=CAT  \\$aBATCH-UPD$b00$c20171121$lBLL01$h1640
=CAT  \\$aW1711-1005$c20171206$lBLL01$h1829
=CAT  \\$aIPL-CLA$c20171231$lBLL01$h1831
=CAT  \\$aBATCH-UPD$b00$c20181217$lBLL01$h1648
=CAT  \\$aIPL-CLA$c20181231$lBLL01$h1555
=CAT  \\$aW1811-111$c20190203$lBLL01$h0956
=CAT  \\$aBATCH-UPD$b00$c20191122$lBLL01$h1910
=CAT  \\$aIPL-CLA$c20191231$lBLL01$h2042
=CAT  \\$aBATCH-UPD$b00$c20201118$lBLL01$h1345
=CAT  \\$aIPL-CLA$c20201231$lBLL01$h1533
=CAT  \\$aBATCH-UPD$b00$c20221121$lBLL01$h1335
=CAT  \\$aIPL-CLA$c20221231$lBLL01$h1453
=CAT  \\$a5410$b40$c20230418$lBLL01$h2211
=CFI  0\$aCurrent copyright fee: GBP46.00$c2\0$e01-jan-2023$fGBP46.00$g0$hP$5Uk
=CFI  2\$aPrevious copyright fee: GBP44.00$c2\0$e01-jan-2021$fGBP44.00$g0$hP$5Uk
=FFP  \\$aY$bBLDSS-3PM
=FIN  \\$aY$d20160322
=LET  \0$aContemporary nurse (Electronic)
=LKR  \\$aPAR$b012407185$lBLL01$nContemporary nurse (Print)$mContemporary nurse (Online)$r776
=MNI  \\$a1037-6178
=TOC  \\$aETOC
=ACF  \\$aPrevious copyright fee: GBP34.00$c2\0$e14-jan-2016$fGBP34.00$g0$hP$5Uk
=ACF  \\$aPrevious copyright fee: GBP36.00$c2\0$e01-jan-2017$fGBP36.00$g0$hP$5Uk
=ACF  \\$aPrevious copyright fee: GBP38.00$c2\0$e01-jan-2018$fGBP38.00$g0$hP$5Uk
=ACF  \\$aPrevious copyright fee: GBP40.00$c2\0$e01-jan-2019$fGBP40.00$g0$hP$5Uk
=ACF  \\$aPrevious copyright fee: GBP42.00$c2\0$e01-jan-2020$fGBP42.00$g0$hP$5Uk
=LAS  \\$a5410$b40$c20230418$lBLL01$h2211

