=LDR  04473cas a2200997 a 4500
=001  017683867
=003  Uk
=005  20221231145358.0
=006  m\\\\\o\\d\\\\\\\\
=007  cr\un|||||||||
=008  091022c20069999xx\tr\pso\\\\\0\\\a0eng\c
=FMT  \\$a  SE
=010  \\$a  2011202545
=015  \\$aGBB5I6885$2bnb
=022  0\$a2164-604X$y1862-6033
=035  \\$a(OCoLC)458300085$z(OCoLC)428372111$z(OCoLC)851538719
=037  \\$aISSN_18626033$bPortico$nTaylor & Francis
=040  \\$aOCLCS$beng$cOCLCS$dOCLCS$dOCLCQ$dEUN$dWAU$dDLC$dOCLCQ$dDLC$dOCLCQ$dOCLCF$dOCLCO$dFIE$dOCLCO$dUk
=042  \\$aukblsr
=050  \4$aSB469$b.J68
=082  04$a712.05$223
=130  0\$aJournal of landscape architecture (Online)
=222  \0$aJournal of landscape architecture$b(Online)
=245  10$aJournal of landscape architecture$h[electronic resource] :$bJoLA.
=246  30$aJoLA
=260  \\$aWageningen :$bEuropean Council of Landscape Architecture Schools
=264  31$a[Place of publication not identified] :$bRoutledge, Taylor & Francis Group
=310  \\$aThree issues a year
=321  \\$aSemiannual
=336  \\$atext$2rdacontent
=337  \\$acomputer$2rdamedia
=338  \\$aonline resource$2rdacarrier
=362  1\$aPrint began with spring 2006.
=538  \\$aMode of access: World Wide Web.
=588  \\$aDescription based on print version record.
=588  \\$aLatest issue consulted: volume 10, issue 3 (2015) (Taylor & Francis Online, viewed December 30, 2015).
=540  \\$aCurrent copyright fee: GBP37.00$c2\0$5Uk
=650  \0$aLandscape architecture$vPeriodicals.
=650  \6$aArchitecture du paysage$vPériodiques.
=650  \7$aLandscape architecture.$2fast$0(OCoLC)fst00991814
=655  \7$aPeriodicals.$2fast$0(OCoLC)fst01411641
=655  \0$aElectronic journals.
=710  2\$aEuropean Council of Landscape Architecture Schools.
=776  08$iPrint version:$tJournal of landscape architecture$x1862-6033
=859  \\$aELD$bejournal
=856  \\$31850-9999$uhttp://www.tandfonline.com/$xBLDSS
=856  40$uhttp://www.atypon-link.com/openurl?genre=journal&stitle=jola
=856  40$uhttp://www.jola-lab.eu/
=856  40$uhttp://www.tandfonline.com/toc/rjla20/current#.VoQPvFLnncs
=852  \\$aBritish Library$bDSC$j5010.079500$3Volume 6:Issue 1(2011)-Volume 6:Issue 2(2011)***See ESTAR for full holdings.
=852  41$aBritish Library$bHMNTS$jELD Digital store$3Volume 11:Issue 1(2016)-***Previous issues available in print copy
=CAT  \\$a3072$b40$c20151230$lBLL01$h1723
=CAT  \\$a3072$b40$c20151230$lBLL01$h1725
=CAT  \\$a5552$b40$c20160114$lBLL01$h1430
=CAT  \\$a11433$b40$c20160116$lBLL01$h1229
=CAT  \\$aBLDSS-3PM$b00$c20160201$lBLL01$h1812
=CAT  \\$aBATCH-UPD$b00$c20160413$lBLL01$h1829
=CAT  \\$aBATCH-UPD$b00$c20160724$lBLL01$h2337
=CAT  \\$aBATCH-UPD$b00$c20161122$lBLL01$h1515
=CAT  \\$aIPL-CLA$c20161231$lBLL01$h0024
=CAT  \\$aBATCH-UPD$b00$c20171121$lBLL01$h1651
=CAT  \\$aW1711-1005$c20171206$lBLL01$h1829
=CAT  \\$aIPL-CLA$c20171231$lBLL01$h1831
=CAT  \\$aBATCH-UPD$b00$c20181217$lBLL01$h1641
=CAT  \\$aIPL-CLA$c20181231$lBLL01$h1555
=CAT  \\$aBATCH-UPD$b00$c20191122$lBLL01$h1903
=CAT  \\$aIPL-CLA$c20191231$lBLL01$h2042
=CAT  \\$aBATCH-UPD$b00$c20201118$lBLL01$h1337
=CAT  \\$aIPL-CLA$c20201231$lBLL01$h1533
=CAT  \\$aBATCH-UPD$b00$c20221121$lBLL01$h1350
=CAT  \\$aIPL-CLA$c20221231$lBLL01$h1453
=CFI  0\$aCurrent copyright fee: GBP37.00$c2\0$e01-jan-2023$fGBP37.00$g0$hP$5Uk
=CFI  2\$aPrevious copyright fee: GBP35.00$c2\0$e01-jan-2021$fGBP35.00$g0$hP$5Uk
=FFP  \\$aY$bBLDSS-3PM
=FIN  \\$aY$d20151230
=LET  \0$aJournal of landscape architecture (Electronic)
=LKR  \\$aPAR$b014375147$lBLL01$r776$mJournal of landscape architecture (Online)$nJournal of landscape architecture (München)
=MNI  \\$a1862-6033
=SID  \\$aZ39$bOCLC
=TOC  \\$aETOC
=ACF  \\$aPrevious copyright fee: GBP26.00$c2\0$e14-jan-2016$fGBP26.00$g0$hP$5Uk
=ACF  \\$aPrevious copyright fee: GBP28.00$c2\0$e01-jan-2017$fGBP28.00$g0$hP$5Uk
=ACF  \\$aPrevious copyright fee: GBP30.00$c2\0$e01-jan-2018$fGBP30.00$g0$hP$5Uk
=ACF  \\$aPrevious copyright fee: GBP32.00$c2\0$e01-jan-2019$fGBP32.00$g0$hP$5Uk
=ACF  \\$aPrevious copyright fee: GBP34.00$c2\0$e01-jan-2020$fGBP34.00$g0$hP$5Uk
=LAS  \\$aIPL-CLA$b00$c20221231$lBLL01$h1453

