=LDR  02896cas a2200769 i 4500
=001  017691755
=003  Uk
=005  20221231145359.0
=006  m\\\\\\\\d\|\\\\\\
=007  cr||||||||||||
=008  160105c20179999enkmr\p\o\\\\\0\\\a0eng\\
=FMT  \\$a  SE
=015  \\$aGBB854202$2bnb
=022  0\$a2397-334X$202
=037  \\$a???$bSpringer
=040  \\$aUk$beng$cUk$erda
=042  \\$aissnuk$aukblsr
=082  04$a577.05$223
=210  0\$aNat. ecol. evol.
=222  \0$aNature ecology & evolution
=245  00$aNature ecology & evolution.
=246  3\$aNature ecology and evolution
=264  \1$a[London] :$bMacmillan Publishers Ltd, part of Springer Nature,$c2017-
=310  \\$aMonthly
=336  \\$atext$2rdacontent
=337  \\$acomputer$2rdamedia
=338  \\$aonline resource$2rdacarrier
=362  0\$aVolume 1, issue 1 (January 2017)-
=500  \\$aTitle from table of contents page (publisher's Web site, viewed January 24 2017).
=588  \\$aLatest issue consulted: volume 2, issue 3 (March 2018); viewed March 19, 2018.
=540  \\$aCurrent copyright fee: GBP34.95$c16\0$5Uk
=650  \0$aEcology$vPeriodicals.
=650  \0$aEvolution (Biology)$vPeriodicals.
=856  40$31850-9999$uhttp://www.nature.com/$xBLDSS
=859  \\$aELD$bejournal
=856  40$uhttp://www.nature.com/natecolevol/
=852  41$aBritish Library$bHMNTS$jELD Digital store$3Volume 1:Issue 8(2010)-
=852  \\$aBritish Library$bDSC$j6046.500500$3See ESTAR for full holdings.
=945  \\$aNature ecology and evolution.
=959  \\$fCurrently received
=CAT  \\$a11313$b40$c20160105$lBLL01$h1121
=CAT  \\$a11313$b40$c20170124$lBLL01$h0922
=CAT  \\$a11313$b40$c20170124$lBLL01$h1035
=CAT  \\$a5552$b40$c20170808$lBLL01$h0802
=CAT  \\$aBLDSS-3PM$b00$c20170817$lBLL01$h0915
=CAT  \\$aBATCH-UPD$b00$c20170817$lBLL01$h1017
=CAT  \\$aBATCH-UPD$b00$c20171121$lBLL01$h1637
=CAT  \\$aIPL-CLA$c20171231$lBLL01$h1831
=CAT  \\$a6790$b40$c20180115$lBLL01$h0932
=CAT  \\$a12654$b40$c20180131$lBLL01$h1107
=CAT  \\$a11205$b40$c20180319$lBLL01$h1331
=CAT  \\$a12654$b40$c20190626$lBLL01$h1054
=CAT  \\$a5410$b40$c20200316$lBLL01$h1343
=CAT  \\$a5410$b40$c20200318$lBLL01$h1055
=CAT  \\$a5410$b40$c20200318$lBLL01$h1056
=CAT  \\$aBATCH-UPD$b40$c20221121$lBLL01$h1332
=CAT  \\$aIPL-CLA$c20221231$lBLL01$h1453
=CFI  0\$aCurrent copyright fee: GBP34.95$c16\0$e01-jan-2023$fGBP34.95$g0$hP$5Uk
=CFI  2\$aPrevious copyright fee: GBP24.00$c16\0$e01-jan-2018$fGBP24.00$g0$hP$5Uk
=FFP  \\$aY$bBLDSS-3PM
=FIN  \\$aY$d20170124
=LET  \0$aNature ecology & evolution (Electronic)
=MNI  \\$a2397-334X
=TOC  \\$aETOC
=UNO  \\$aY
=ACF  \\$aPrevious copyright fee: GBP22.00$c16\0$e08-aug-2017$fGBP22.00$g0$hP$5Uk
=LAS  \\$aIPL-CLA$b00$c20221231$lBLL01$h1453

