=LDR  02504cas a2200697 i 4500
=001  017691846
=003  Uk
=005  20221231145359.0
=006  m\\\\\\\\d\|\\\\\\
=007  cr||||||||||||
=008  160105c20179999enkmr\p\o\\\\\0\\\a0eng\\
=FMT  \\$a  SE
=015  \\$aGBB8L1130$2bnb
=022  0\$a2397-3358$202
=037  \\$a???$bSpringer
=040  \\$aUk$beng$cUk$erda
=042  \\$aissnuk$aukblsr
=082  04$a540.5$223
=210  0\$aNat. rev., Chem.
=222  \0$aNature reviews. Chemistry
=245  00$aNature reviews.$pChemistry.
=246  30$aChemistry
=264  \1$aLondon :$bMacmillan Publishers Limited, part of Springer Nature,$c2017-
=300  \\$billustrations (black and white, and colour)
=310  \\$aMonthly
=336  \\$atext$2rdacontent
=337  \\$acomputer$2rdamedia
=338  \\$aonline resource$2rdacarrier
=362  0\$aVolume 1, issue 1 (January 2017)-
=500  \\$aTitle from journal homepage (viewed November 15, 2018).
=540  \\$aCurrent copyright fee: GBP34.95$c16\0$5Uk
=650  \0$aChemistry$vPeriodicals.
=856  40$31850-9999$uhttp://www.nature.com/$xBLDSS
=859  \\$aELD$bejournal
=856  40$uhttp://www.nature.com/natrevchem/
=852  41$aBritish Library$bHMNTS$jELD Digital store$3Volume 2:Number 10(2018)-
=852  \\$aBritish Library$bDSC$j6047.223400$3Volume 2:Issue 1(2018)-***See ESTAR for full holdings.
=945  \\$aNature reviews chemistry
=959  \\$fCurrently received
=CAT  \\$a11313$b40$c20160105$lBLL01$h1257
=CAT  \\$a11313$b40$c20170124$lBLL01$h0905
=CAT  \\$a11313$b40$c20170124$lBLL01$h1035
=CAT  \\$a6790$b40$c20180118$lBLL01$h0754
=CAT  \\$a12654$b40$c20180131$lBLL01$h1352
=CAT  \\$a12654$b40$c20180131$lBLL01$h1418
=CAT  \\$a8055$b40$c20180202$lBLL01$h1139
=CAT  \\$aBLDSS-3PM$b00$c20180208$lBLL01$h1048
=CAT  \\$aBATCH-UPD$b00$c20180208$lBLL01$h1050
=CAT  \\$a5410$b40$c20180223$lBLL01$h1543
=CAT  \\$a10806$b40$c20181115$lBLL01$h0931
=CAT  \\$aBATCH-UPD$b40$c20221121$lBLL01$h1332
=CAT  \\$aIPL-CLA$c20221231$lBLL01$h1453
=CFI  0\$aCurrent copyright fee: GBP34.95$c16\0$e01-jan-2023$fGBP34.95$g0$hP$5Uk
=CFI  2\$aPrevious copyright fee: GBP24.00$c16\0$e31-jan-2018$fGBP24.00$g0$hP$5Uk
=FFP  \\$aY$bBLDSS-3PM
=FIN  \\$aY$d20170124
=LET  \0$aNature reviews chemistry (Electronic)
=MNI  \\$a2397-3358
=TOC  \\$aETOC
=UNO  \\$aY
=LAS  \\$aIPL-CLA$b00$c20221231$lBLL01$h1453

