=LDR  02697cas a2200745 i 4500
=001  017691849
=003  Uk
=005  20221231145359.0
=006  m\\\\\\\\d\|\\\\\\
=007  cr||||||||||||
=008  160105c20179999enkmr\p\o\\\\\0\\\a0eng\\
=FMT  \\$a  SE
=015  \\$aGBB854194$2bnb
=022  0\$a2397-3366$202
=037  \\$a???$bSpringer
=040  \\$aUk$beng$cUk$erda
=042  \\$aissnuk$aukblsr
=082  04$a520.5$223
=210  0\$aNat. astron.
=222  \0$aNature astronomy
=245  00$aNature astronomy.
=264  \1$a[London] :$bMacmillan Publishers Ltd, part of Springer Nature,$c2017-
=310  \\$aMonthly
=336  \\$atext$2rdacontent
=337  \\$acomputer$2rdamedia
=338  \\$aonline resource$2rdacarrier
=362  0\$aVolume 1, issue 1 (January 2017)-
=500  \\$aTitle from table of contents page (publisher's Web site, viewed January 24 2017).
=588  \\$aLatest issue consulted: volume 2, issue 3 (March 2018); viewed March 19, 2018.
=540  \\$aCurrent copyright fee: GBP34.95$c16\0$5Uk
=650  \0$aAstronomy$vPeriodicals.
=856  40$31850-9999$uhttp://www.nature.com/$xBLDSS
=859  \\$aELD$bejournal
=856  40$uhttp://www.nature.com/natastron/
=852  41$aBritish Library$bHMNTS$jELD Digital store$3Volume 1:Number 10(2017)-
=852  \\$aBritish Library$bDSC$j6045.000500
=945  \\$aNature astronomy
=979  \\$aBritish Library$bDSC$j6045.000500
=CAT  \\$a11313$b40$c20160105$lBLL01$h1259
=CAT  \\$a11313$b40$c20170124$lBLL01$h0857
=CAT  \\$a11313$b40$c20170124$lBLL01$h1034
=CAT  \\$a6790$b40$c20180115$lBLL01$h0904
=CAT  \\$a12654$b40$c20180130$lBLL01$h1233
=CAT  \\$a12654$b40$c20180130$lBLL01$h1234
=CAT  \\$a12654$b40$c20180130$lBLL01$h1439
=CAT  \\$aBLDSS-3PM$b00$c20180208$lBLL01$h1048
=CAT  \\$aBATCH-UPD$b00$c20180208$lBLL01$h1050
=CAT  \\$a11205$b40$c20180319$lBLL01$h1202
=CAT  \\$a5410$b40$c20210202$lBLL01$h1030
=CAT  \\$a5410$b40$c20210208$lBLL01$h2139
=CAT  \\$a5410$b40$c20210215$lBLL01$h1057
=CAT  \\$a5410$b40$c20210226$lBLL01$h0043
=CAT  \\$a5410$b40$c20210227$lBLL01$h1110
=CAT  \\$a5410$b40$c20221030$lBLL01$h1303
=CAT  \\$aBATCH-UPD$b40$c20221121$lBLL01$h1332
=CAT  \\$aIPL-CLA$c20221231$lBLL01$h1453
=CFI  0\$aCurrent copyright fee: GBP34.95$c16\0$e01-jan-2023$fGBP34.95$g0$hP$5Uk
=CFI  2\$aPrevious copyright fee: GBP24.00$c16\0$e30-jan-2018$fGBP24.00$g0$hP$5Uk
=FFP  \\$aY$bBLDSS-3PM
=FIN  \\$aY$d20170124
=LET  \0$aNature astronomy (Electronic)
=MNI  \\$a2397-3366
=TOC  \\$aETOC
=UNO  \\$aY
=LAS  \\$aIPL-CLA$b00$c20221231$lBLL01$h1453

