=LDR  02708cas a2200757 i 4500
=001  017691859
=003  Uk
=005  20221231145400.0
=006  m\\\\\\\\d\|\\\\\\
=007  cr||||||||||||
=008  160105c20179999enkmr\p\o\\\\\0\\\a0eng\\
=FMT  \\$a  SE
=015  \\$aGBB8L1127$2bnb
=022  0\$a2397-3374$202
=037  \\$a???$bSpringer
=040  \\$aUk$beng$cUk$erda
=042  \\$aissnuk$aukblsr
=082  04$a300$223
=210  0\$aNat. hum. behav.
=222  \0$aNature human behaviour
=245  00$aNature human behaviour.
=264  \1$aLondon :$bMacmillan Publishers Limited, part of Springer Nature,$c2017-
=310  \\$aMonthly
=336  \\$atext$2rdacontent
=337  \\$acomputer$2rdamedia
=338  \\$aonline resource$2rdacarrier
=362  0\$aVolume 1, issue 1 (January 2017)-
=500  \\$aTitle from journal homepage (viewed November 15, 2018).
=540  \\$aCurrent copyright fee: GBP34.95$c16\0$5Uk
=650  \0$aHuman behavior$vPeriodicals.
=650  \0$aPsychology$vPeriodicals.
=650  \0$aSociology$vPeriodicals.
=856  40$31850-9999$uhttp://www.nature.com/$xBLDSS
=859  \\$aELD$bejournal
=856  40$uhttp://www.nature.com/nathumbehav/
=852  \\$aBritish Library$bDSC$j6046.628000$3See ESTAR for full holdings.
=852  41$aBritish Library$bHMNTS$jELD Digital store$3Volume 1:Number 10(2017)-
=945  \\$aNature human behaviour.
=959  \\$fCurrently received
=CAT  \\$a11313$b40$c20160105$lBLL01$h1313
=CAT  \\$a11313$b40$c20170124$lBLL01$h1048
=CAT  \\$a6790$b40$c20180118$lBLL01$h0743
=CAT  \\$a12654$b40$c20180131$lBLL01$h1338
=CAT  \\$a12654$b40$c20180131$lBLL01$h1340
=CAT  \\$a8055$b40$c20180221$lBLL01$h1250
=CAT  \\$a5552$b40$c20180222$lBLL01$h1218
=CAT  \\$aBLDSS-3PM$b00$c20180226$lBLL01$h1359
=CAT  \\$aBATCH-UPD$b00$c20180226$lBLL01$h1400
=CAT  \\$a10806$b40$c20181115$lBLL01$h0919
=CAT  \\$a12654$b40$c20190620$lBLL01$h1139
=CAT  \\$a12654$b40$c20190620$lBLL01$h1140
=CAT  \\$a5410$b40$c20200728$lBLL01$h1310
=CAT  \\$a5410$b40$c20200728$lBLL01$h1311
=CAT  \\$a5410$b40$c20200806$lBLL01$h1529
=CAT  \\$a5552$b40$c20200813$lBLL01$h1340
=CAT  \\$aBATCH-UPD$b40$c20221121$lBLL01$h1332
=CAT  \\$aIPL-CLA$c20221231$lBLL01$h1454
=CFI  0\$aCurrent copyright fee: GBP34.95$c16\0$e01-jan-2023$fGBP34.95$g0$hP$5Uk
=CFI  2\$aPrevious copyright fee: GBP24.00$c16\0$e21-feb-2018$fGBP24.00$g0$hP$5Uk
=FFP  \\$aY$bBLDSS-3PM
=FIN  \\$aY$d20170124
=LET  \0$aNature human behaviour (Electronic)
=MNI  \\$a2397-3374
=TOC  \\$aETOC
=UNO  \\$aY
=LAS  \\$aIPL-CLA$b00$c20221231$lBLL01$h1454

