=LDR  04704cas a2201057 a 4500
=001  017703342
=003  Uk
=005  20230418215016.0
=006  m\\\\\o\\d\\\\\\\\
=007  cr\|||||||||||
=008  991007c19899999pauqr\poo\\\\\0\\\a0eng\\
=FMT  \\$a  SE
=010  \\$a  2015200080
=015  \\$aGBB605952$2bnb
=022  0\$a2377-0643$y1042-9247$l1042-9247$21
=035  \\$a(OCoLC)42589319
=037  \\$aISSN_10429247_21$bPortico$nTaylor & Francis
=040  \\$aBNG$beng$cBNG$dOCLCQ$dAU@$dOCLCQ$dOCLCO$dOCLCQ$dDLC$dOCLCF$dTXA$dUk
=042  \\$aukblsr
=050  14$aTA190$b.E544
=082  04$a620.0068$223
=130  0\$aEngineering management journal (Online : 1989)
=222  \0$aEngineering management journal$b(Online)
=245  10$aEngineering management journal$h[electronic resource].
=246  13$aEMJ
=260  \\$a[Rolla, Mo.] :$b[American Society for Engineering Management],$c[1989]-
=264  31$32015-$aPhiladelphia, Pa. :$bTaylor & Francis
=310  \\$aQuarterly
=336  \\$atext$2rdacontent
=337  \\$acomputer$2rdamedia
=338  \\$aonline resource$2rdacarrier
=362  1\$aBegan with: Vol. 1, no. 1 (March 1989).
=550  \\$a"Official journal of the American Society for Engineering Management."
=588  \\$aDescription based on: Vol. 1, no. 1 (March 1989); title from PDF article running title (tanfonline, viewed December 2, 2015).
=588  \\$aLatest issue consulted: volume 27, issue 4 (2015) (Taylor & Francis Online, viewed January 12, 2016).
=540  \\$aCurrent copyright fee: GBP43.00$c2\0$5Uk
=650  \0$aEngineering$xManagement$vPeriodicals.
=650  \7$aEngineering$xManagement.$2fast$0(OCoLC)fst00910368
=655  \7$aPeriodicals.$2fast$0(OCoLC)fst01411641
=710  2\$aAmerican Society for Engineering Management.
=776  08$iAlso issued in print as:$tEngineering management journal$x1042-9247
=859  \\$aELD$bejournal
=856  \\$31850-9999$uhttp://www.tandfonline.com/$xBLDSS
=856  40$uhttp://www.tandfonline.com/toc/uemj20/current
=852  \\$aBritish Library$bDSC$j3764.781600$3Volume 28:Issue 1(2016)-Volume 29:Issue 4(2017)
=852  41$aBritish Library$bHMNTS$jELD Digital store$3Volume 28:Issue 1(2016)-
=945  \\$aEngineering management journal.
=959  \\$fHeld but not currently received
=979  \\$aBritish Library$bDSC$j3764.781600
=CAT  \\$a11205$b40$c20160112$lBLL01$h1435
=CAT  \\$a8464$b40$c20160113$lBLL01$h1102
=CAT  \\$a8464$b40$c20160204$lBLL01$h1108
=CAT  \\$a12654$b40$c20160224$lBLL01$h1358
=CAT  \\$a12654$b40$c20160224$lBLL01$h1359
=CAT  \\$a12654$b40$c20160229$lBLL01$h1412
=CAT  \\$a5552$b40$c20160301$lBLL01$h1534
=CAT  \\$aBLDSS-3PM$b00$c20160302$lBLL01$h1647
=CAT  \\$aIPL-CLA$c20160331$lBLL01$h1821
=CAT  \\$aBATCH-UPD$b00$c20160413$lBLL01$h1829
=CAT  \\$aBATCH-UPD$b00$c20160604$lBLL01$h1010
=CAT  \\$aBATCH-UPD$b00$c20161122$lBLL01$h1507
=CAT  \\$aIPL-CLA$c20161231$lBLL01$h0025
=CAT  \\$aBATCH-UPD$b00$c20171121$lBLL01$h1657
=CAT  \\$aW1711-1005$c20171206$lBLL01$h1829
=CAT  \\$aIPL-CLA$c20171231$lBLL01$h1831
=CAT  \\$aBATCH-UPD$b00$c20181217$lBLL01$h1646
=CAT  \\$aIPL-CLA$c20181231$lBLL01$h1555
=CAT  \\$aW1811-111$c20190203$lBLL01$h0956
=CAT  \\$aBATCH-UPD$b00$c20191122$lBLL01$h1908
=CAT  \\$aIPL-CLA$c20191231$lBLL01$h2042
=CAT  \\$aBATCH-UPD$b00$c20201118$lBLL01$h1342
=CAT  \\$aIPL-CLA$c20201231$lBLL01$h1533
=CAT  \\$aBATCH-UPD$b00$c20221121$lBLL01$h1341
=CAT  \\$aIPL-CLA$c20221231$lBLL01$h1454
=CAT  \\$a5410$b40$c20230418$lBLL01$h2150
=CFI  0\$aCurrent copyright fee: GBP43.00$c2\0$e01-jan-2023$fGBP43.00$g0$hP$5Uk
=CFI  2\$aPrevious copyright fee: GBP41.00$c2\0$e01-jan-2021$fGBP41.00$g0$hP$5Uk
=FFP  \\$aY$bBLDSS-3PM
=FIN  \\$aY$d20160112
=LET  \0$aEngineering management journal (Electronic)
=LKR  \\$aPAR$b007852253$lBLL01$nEngineering management journal (Print)$mEngineering management journal (Online)$r776
=MNI  \\$a1042-9247
=SID  \\$aZ39$bOCLC
=TOC  \\$aETOC
=ACF  \\$aPrevious copyright fee: GBP31.00$c2\0$e24-feb-2016$fGBP31.00$g0$hP$5Uk
=ACF  \\$aPrevious Copyright Fee: GBP31.00$c2\0$e01-apr-2016$fGBP31.00$g0$hP$5Uk
=ACF  \\$aPrevious copyright fee: GBP33.00$c2\0$e01-jan-2017$fGBP33.00$g0$hP$5Uk
=ACF  \\$aPrevious copyright fee: GBP35.00$c2\0$e01-jan-2018$fGBP35.00$g0$hP$5Uk
=ACF  \\$aPrevious copyright fee: GBP37.00$c2\0$e01-jan-2019$fGBP37.00$g0$hP$5Uk
=ACF  \\$aPrevious copyright fee: GBP39.00$c2\0$e01-jan-2020$fGBP39.00$g0$hP$5Uk
=LAS  \\$a5410$b40$c20230418$lBLL01$h2150

