=LDR  04011cas a2200949 i 4500
=001  017712993
=003  Uk
=005  20230416123421.0
=006  m\\\\\|\\d\|\\\\\\
=007  cr\|||||||||||
=008  160120c20169999enkqr\p\o\\\\\0\\\a0eng\\
=FMT  \\$a  SE
=015  \\$aGBB708990$2bnb
=022  0\$a2379-4933
=037  \\$aISSN_23794925_21$bPortico$nTaylor & Francis
=040  \\$aUk$beng$cUk$erda
=042  \\$aukblsr
=082  04$a618.9289$223
=245  00$aEvidence-based practice in child and adolescent mental health.
=246  30$aEPCAMH
=264  \1$a[Abingdon] :$bRoutledge, Taylor & Francis Group,$c2016-
=310  \\$aQuarterly
=336  \\$atext$2rdacontent
=337  \\$acomputer$2rdamedia
=338  \\$aonline resource$2rdacarrier
=362  0\$aVol. 1, no. 1 (2016)-
=500  \\$aTitle from pdf of editorial (Taylor & Francis Online, viewed January 20, 2017).
=530  \\$aIssued also in print.
=550  \\$a"Official journal for the Society of Clinical Child and Adolescent Psychology (Division 53), APA."
=540  \\$aCurrent copyright fee: GBP37.00$c2\0$5Uk
=650  \0$aChild psychiatry$vPeriodicals.
=650  \0$aChild mental health$vPeriodicals.
=650  \0$aTeenagers$xMental health$vPeriodicals.
=650  \0$aChild psychology$vPeriodicals.
=650  \0$aAdolescent psychology$vPeriodicals.
=710  2\$aSociety of Clinical Child and Adolescent Psychology.
=856  \\$31850-9999$uhttp://www.tandfonline.com/$xBLDSS
=856  40$uhttp://www.tandfonline.com/toc/uebh20/current
=859  \\$aELD$bejournal
=852  \\$aBritish Library$bDSC$j3831.037570$3Volume 1:Issue 1(2016)-Volume 3:Issue 2(2018)
=852  41$aBritish Library$bHMNTS$jELD Digital store$3Volume 1:Issue 1(2016)-
=945  \\$aEvidence based practice in child and adolescent mental health.
=959  \\$fHeld but not currently received
=979  \\$aBritish Library$bDSC$j3831.037570
=985  \\$aWork record only on ISSN Portal.
=CAT  \\$a11296$b40$c20160120$lBLL01$h1353
=CAT  \\$a8464$b40$c20160204$lBLL01$h1423
=CAT  \\$a12654$b40$c20160224$lBLL01$h1424
=CAT  \\$aBLDSS-3PM$b00$c20160302$lBLL01$h1647
=CAT  \\$aBATCH-UPD$b00$c20160413$lBLL01$h1830
=CAT  \\$aBATCH-UPD$b00$c20160808$lBLL01$h0239
=CAT  \\$aBATCH-UPD$b00$c20161122$lBLL01$h1515
=CAT  \\$aIPL-CLA$c20161231$lBLL01$h0025
=CAT  \\$a11205$b40$c20170120$lBLL01$h1552
=CAT  \\$a11205$b40$c20170120$lBLL01$h1622
=CAT  \\$aBATCH-UPD$b40$c20171121$lBLL01$h1651
=CAT  \\$aW1711-1005$c20171206$lBLL01$h1829
=CAT  \\$aIPL-CLA$c20171231$lBLL01$h1831
=CAT  \\$a8871$b40$c20181002$lBLL01$h1714
=CAT  \\$aBATCH-UPD$b40$c20181217$lBLL01$h1641
=CAT  \\$aIPL-CLA$c20181231$lBLL01$h1555
=CAT  \\$aW1811-111$c20190203$lBLL01$h0956
=CAT  \\$aBATCH-UPD$b00$c20191122$lBLL01$h1903
=CAT  \\$aIPL-CLA$c20191231$lBLL01$h2042
=CAT  \\$aBATCH-UPD$b00$c20201118$lBLL01$h1337
=CAT  \\$aIPL-CLA$c20201231$lBLL01$h1533
=CAT  \\$aBATCH-UPD$b00$c20221121$lBLL01$h1350
=CAT  \\$aIPL-CLA$c20221231$lBLL01$h1454
=CAT  \\$a5410$b40$c20230416$lBLL01$h1234
=CFI  0\$aCurrent copyright fee: GBP37.00$c2\0$e01-jan-2023$fGBP37.00$g0$hP$5Uk
=CFI  2\$aPrevious copyright fee: GBP35.00$c2\0$e01-jan-2021$fGBP35.00$g0$hP$5Uk
=FFP  \\$aY$bBLDSS-3PM
=FIN  \\$aY$d20170120
=LET  \0$aEvidence-based practice in child and adolescent mental health (Electronic)
=MNI  \\$a2379-4925
=TOC  \\$aETOC
=ACF  \\$aPrevious copyright fee: GBP26.00$c2\0$e24-feb-2016$fGBP26.00$g0$hP$5Uk
=ACF  \\$aPrevious copyright fee: GBP28.00$c2\0$e01-jan-2017$fGBP28.00$g0$hP$5Uk
=ACF  \\$aPrevious copyright fee: GBP30.00$c2\0$e01-jan-2018$fGBP30.00$g0$hP$5Uk
=ACF  \\$aPrevious copyright fee: GBP32.00$c2\0$e01-jan-2019$fGBP32.00$g0$hP$5Uk
=ACF  \\$aPrevious copyright fee: GBP34.00$c2\0$e01-jan-2020$fGBP34.00$g0$hP$5Uk
=LAS  \\$a5410$b40$c20230416$lBLL01$h1234

