=LDR  04229cas a2200973 i 4500
=001  017719168
=003  Uk
=005  20230416122844.0
=006  m\\\\\|\\d\|\\\\\\
=007  cr\|||||||||||
=008  160128c19979999enktr\p\o\\\\\0\\\a0eng\\
=FMT  \\$a  SE
=015  \\$aGBB626040$2bnb
=022  \\$a1925-7074
=037  \\$aISSN_1206212X_21$bPortico$nTaylor & Francis
=040  \\$aUk$beng$cUk$erda
=042  \\$aukblsr
=082  04$a004.05$223
=210  0\$aInt. j. comput. appl.
=222  \0$aInternational journal of computers & applications
=245  00$aInternational journal of computers and applications.
=260  \\$aAnaheim, Calif. :$bActa Press,$c1997-
=264  \1$aAbingdon :$bTaylor & Francis
=310  \\$aThree issues yearly
=336  \\$atext$2rdacontent
=337  \\$acomputer$2rdamedia
=338  \\$aonline resource$2rdacarrier
=588  \\$aDescription based on print version record.
=588  \\$aLatest issue consulted: volume 37, issue 2 (2015) (Taylor & Francis Online, viewed February 23, 2016).
=540  \\$aCurrent copyright fee: GBP43.00$c2\0$5Uk
=650  \0$aComputers$vPeriodicals.
=650  \0$aComputer software$vPeriodicals.
=650  \0$aComputer networks$vPeriodicals.
=650  \0$aMultimedia systems$vPeriodicals.
=650  \0$aInternet$vPeriodicals.
=650  \0$aWorld Wide Web$vPeriodicals.
=650  \0$aMinicomputers$vPeriodicals.
=650  \0$aMicrocomputers$vPeriodicals.
=776  08$iAlso issued in print as:$tInternational journal of computers & applications$x1206-212X
=859  \\$aELD$bejournal
=856  \\$31850-9999$uhttp://www.tandfonline.com/$xBLDSS
=856  40$uhttp://www.tandfonline.com/toc/tjca20/current
=852  41$aBritish Library$bSTI$jELD Digital store$3Volume 38:Issue 1(2016)-***Transferred from print***Previous issues available in print copy
=852  \\$aBritish Library$bDSC$j4542.175480$3Volume 38:Issue 1(2016)-Volume 39:Issue 4(2017)
=945  \\$aInternational journal of computers and applications
=959  \\$fHeld but not currently received
=979  \\$aBritish Library$bDSC$j4542.175480
=CAT  \\$a14448$b40$c20160128$lBLL01$h0840
=CAT  \\$a5110$b40$c20160223$lBLL01$h1415
=CAT  \\$a12654$b40$c20160225$lBLL01$h0822
=CAT  \\$a12654$b40$c20160225$lBLL01$h0823
=CAT  \\$a12654$b40$c20160225$lBLL01$h0824
=CAT  \\$a12654$b40$c20160229$lBLL01$h1421
=CAT  \\$aBLDSS-3PM$b00$c20160302$lBLL01$h1647
=CAT  \\$aBATCH-UPD$b00$c20160413$lBLL01$h1830
=CAT  \\$aBATCH-UPD$b00$c20160620$lBLL01$h0230
=CAT  \\$aBATCH-UPD$b00$c20161122$lBLL01$h1507
=CAT  \\$aIPL-CLA$c20161231$lBLL01$h0025
=CAT  \\$aBATCH-UPD$b00$c20171121$lBLL01$h1657
=CAT  \\$aW1711-1005$c20171206$lBLL01$h1829
=CAT  \\$aIPL-CLA$c20171231$lBLL01$h1831
=CAT  \\$aBATCH-UPD$b00$c20181217$lBLL01$h1646
=CAT  \\$aIPL-CLA$c20181231$lBLL01$h1555
=CAT  \\$aW1811-111$c20190203$lBLL01$h0956
=CAT  \\$aBATCH-UPD$b00$c20191122$lBLL01$h1908
=CAT  \\$aIPL-CLA$c20191231$lBLL01$h2042
=CAT  \\$aBATCH-UPD$b00$c20201118$lBLL01$h1342
=CAT  \\$aIPL-CLA$c20201231$lBLL01$h1533
=CAT  \\$aBATCH-UPD$b00$c20221121$lBLL01$h1341
=CAT  \\$aIPL-CLA$c20221231$lBLL01$h1454
=CAT  \\$a5410$b40$c20230416$lBLL01$h1228
=CFI  0\$aCurrent copyright fee: GBP43.00$c2\0$e01-jan-2023$fGBP43.00$g0$hP$5Uk
=CFI  2\$aPrevious copyright fee: GBP41.00$c2\0$e01-jan-2021$fGBP41.00$g0$hP$5Uk
=FFP  \\$aY$bBLDSS-3PM
=FIN  \\$aY$d20160223
=LKR  \\$aPAR$b009858368$lBLL01$nInternational journal of computers & applications (Print)$mInternational journal of computers & applications (Online)$r776
=MNI  \\$a1206-212X
=TOC  \\$aETOC
=ACF  \\$aPrevious copyright fee: GBP31.00$c2\0$e25-feb-2016$fGBP31.00$g0$hP$5Uk
=ACF  \\$aPrevious copyright fee: GBP33.00$c2\0$e01-jan-2017$fGBP33.00$g0$hP$5Uk
=ACF  \\$aPrevious copyright fee: GBP35.00$c2\0$e01-jan-2018$fGBP35.00$g0$hP$5Uk
=ACF  \\$aPrevious copyright fee: GBP37.00$c2\0$e01-jan-2019$fGBP37.00$g0$hP$5Uk
=ACF  \\$aPrevious copyright fee: GBP39.00$c2\0$e01-jan-2020$fGBP39.00$g0$hP$5Uk
=LAS  \\$a5410$b40$c20230416$lBLL01$h1228

