=LDR  03634cas a2200925 i 4500
=001  017737256
=003  Uk
=005  20230208085406.0
=006  m\\\\\o\\d\\\\\\\\
=007  cr\|||||||||||
=008  110308c20119999mauqr\p\o\\\\\0\\\a0eng\\
=FMT  \\$a  SE
=010  \\$a  2011201916
=015  \\$aGBB668124$2bnb
=016  7\$a101596828$2DNLM
=022  \\$a2160-3251
=035  \\$a(OCoLC)706207211
=037  \\$aISSN_21603251_74$bPortico$nLippincott Williams & Wilkins
=040  \\$aDLC$beng$cDLC$dDLC$dCUV$dDLC$dOCLCQ$dNLM$dOCLCF$dOCLCQ$dOPELS$dCUS$dOCLCQ$dUk$erda$epn
=042  \\$apcc$ansdp$aukblsr
=050  \4$aRD701
=050  10$aISSN RECORD
=060  10$aW1
=082  10$a616.7$223
=210  0\$aJBJS case connect.
=222  \0$aJBJS case connector
=245  00$aJBJS case connector.
=246  3\$aJournal of bone & joint surgery case connector
=246  3\$aJ B & J S case connector
=246  3\$aCase connector
=264  \1$aNeedham, MA :$bJournal of Bone & Joint Surgery, Inc.,$c2011-
=300  \\$a1 online resource
=310  \\$aQuarterly
=336  \\$atext$2rdacontent
=337  \\$acomputer$2rdamedia
=338  \\$aonline resource$2rdacarrier
=362  1\$aBegan with Volume 1, issue 1 (July/September 2011).
=540  \\$aCurrent copyright fee: GBP32.00$c20\0$5Uk
=500  \\$a"Connections & Trends in Orthopaedic Surgery."
=588  \\$aDescription based on: Volume 1, issue 1 (July/September 2011); title from homepage (publisher's Web site, viewed May 24, 2012).
=588  \\$aLatest issue consulted: Volume 6, issue 1 (January/March 2016) (viewed February 26, 2016).
=650  \0$aOrthopedic surgery$vCase studies$vPeriodicals.
=650  \0$aOrthopedic surgery$vPeriodicals.
=650  12$aOrthopedics.
=650  22$aOrthopedic Procedures.
=650  \7$aOrthopedic surgery.$2fast$0(OCoLC)fst01048559
=655  \2$aPeriodicals.
=655  \4$aElectronic journals.
=655  \7$aCase studies.$2fast$0(OCoLC)fst01423765
=655  \7$aPeriodicals.$2fast$0(OCoLC)fst01411641
=772  0\$tJournal of bone and joint surgery. American volume$x0021-9355
=772  0\$tJournal of bone and joint surgery. American volume (Online)$x1535-1386
=859  \\$aELD$bejournal
=856  \\$31850-9999$uhttp://journals.lww.com/pages/default.aspx$xBLDSS
=856  40$uhttp://caseconnector.jbjs.org/
=852  \\$aBritish Library$bDSC$j4663.437600$3Volume 11:Issue 3(2021)-
=852  41$aBritish Library$bHMNTS$jELD Digital store$3Volume 5:Issue 1(2015)-
=945  \\$aJBJS case connector.
=959  \\$fCurrently received
=985  \\$a3rd party access title for Remote supply please retain as base record when merging/deleting
=CAT  \\$a5552$b40$c20160209$lBLL01$h1417
=CAT  \\$aBLDSS-3PM$b00$c20160215$lBLL01$h1032
=CAT  \\$aBATCH-UPD$b00$c20160217$lBLL01$h1713
=CAT  \\$a14448$b40$c20160302$lBLL01$h0929
=CAT  \\$aIPL-CLA$c20160331$lBLL01$h1821
=CAT  \\$aBATCH-UPD$b00$c20160413$lBLL01$h1830
=CAT  \\$a10806$b40$c20160518$lBLL01$h1427
=CAT  \\$aBATCH-UPD$b40$c20160524$lBLL01$h2200
=CAT  \\$a5552$b40$c20170425$lBLL01$h1157
=CAT  \\$aW1711-1005$c20171206$lBLL01$h1829
=CAT  \\$a12654$b40$c20210506$lBLL01$h0855
=CAT  \\$a8874$b40$c20230208$lBLL01$h0854
=CFI  0\$aCurrent copyright fee: GBP32.00$c20\0$e01-apr-2016$fGBP32.00$g0$hP$5Uk
=CFI  2\$aPrevious copyright fee: GBP30.32$c20\0$e09-feb-2016$fGBP30.32$g0$hP$5Uk
=FFP  \\$aY$bBLDSS-3PM
=FIN  \\$aY$d20160518
=SID  \\$aZ39$bOCLC
=TOC  \\$aETOC
=UNO  \\$aY
=LAS  \\$a8874$b40$c20230208$lBLL01$h0854

