=LDR  03232cas a2200841 a 4500
=001  017737257
=003  Uk
=005  20210506091612.0
=006  m\\\\\o\\d\\\\\\\\
=007  cr\|||||||||||
=008  110308c20119999mauqr\p\o\\\\\0\\\a0eng\\
=FMT  \\$a  SE
=010  \\$a  2011201921
=015  \\$aGBB668126$2bnb
=016  7\$a101596845$2DNLM
=022  \\$a2160-2204
=035  \\$a(OCoLC)706138473
=037  \\$aISSN_21602204_74$bPortico$nLippincott Williams & Wilkins
=040  \\$aDLC$beng$cDLC$dDLC$dCUV$dDLC$dOCLCQ$dNLM$dOCLCQ$dCUI$dOCLCQ$dUk
=042  \\$aukblsr
=050  10$aISSN RECORD
=050  \4$aRD701
=060  10$aW1
=082  10$a617.47005$223
=222  \0$aJBJS essential surgical techniques
=245  00$aJBJS essential surgical techniques$h[electronic resource].
=246  3\$aJ B & J S essential surgical techniques
=246  3\$aJournal of Bone & Joint Surgery essential surgical techniques
=246  3\$aEssential surgical techniques
=260  \\$aNeedham, MA :$bJournal of Bone & Joint Surgery, Inc.,$c2011-
=300  \\$a1 online resource
=310  \\$aQuarterly
=336  \\$atext$2rdacontent
=337  \\$acomputer$2rdamedia
=338  \\$aonline resource$2rdacarrier
=362  1\$aBegan with vol. 1, no. 1 (June 15, 2011).
=540  \\$aCurrent copyright fee: GBP32.00$c20\0$5Uk
=588  \\$aDescription based on first issue; title from homepage (viewed May 24, 2012).
=588  \\$aLatest issue consulted: 3:1 (2013) (viewed Mar. 25, 2013).
=650  \0$aOrthopedic surgery$xTechnique$vPeriodicals.
=650  \0$aOrthopedic surgery$vPeriodicals.
=650  12$aOrthopedics.
=650  22$aOrthopedic Procedures.
=655  \2$aPeriodicals.
=772  0\$tJournal of bone and joint surgery. American volume$x0021-9355
=859  \\$aELD$bejournal
=856  \\$31850-9999$uhttp://journals.lww.com/pages/default.aspx$xBLDSS
=856  40$uhttp://surgicaltechniques.jbjs.org/
=852  41$aBritish Library$bHMNTS$jELD Digital store$3Volume 5:Issue 1(2015)-
=852  \\$aBritish Library$bDSC$j4663.437650$3Volume 11:Issue 3(2021)-
=945  \\$aJBJS essential surgical techniques.
=959  \\$fCurrently received
=985  \\$a3rd party access title for Remote supply please retain as base record when merging/deleting
=CAT  \\$a5552$b40$c20160209$lBLL01$h1419
=CAT  \\$aBLDSS-3PM$b00$c20160215$lBLL01$h1032
=CAT  \\$aBATCH-UPD$b00$c20160217$lBLL01$h1713
=CAT  \\$a14448$b40$c20160302$lBLL01$h0933
=CAT  \\$aIPL-CLA$c20160331$lBLL01$h1821
=CAT  \\$aBATCH-UPD$b00$c20160413$lBLL01$h1830
=CAT  \\$a10806$b40$c20160518$lBLL01$h1450
=CAT  \\$aBATCH-UPD$b40$c20160524$lBLL01$h2200
=CAT  \\$a5552$b40$c20170425$lBLL01$h1155
=CAT  \\$a5552$b40$c20170425$lBLL01$h1157
=CAT  \\$aW1711-1005$c20171206$lBLL01$h1829
=CAT  \\$a12654$b40$c20210506$lBLL01$h0916
=CFI  0\$aCurrent copyright fee: GBP32.00$c20\0$e01-apr-2016$fGBP32.00$g0$hP$5Uk
=CFI  2\$aPrevious copyright fee: GBP30.32$c20\0$e09-feb-2016$fGBP30.32$g0$hP$5Uk
=FFP  \\$aY$bBLDSS-3PM
=FIN  \\$aY$d20160518
=SID  \\$aZ39$bOCLC
=TOC  \\$aETOC
=UNO  \\$aY
=LAS  \\$a12654$b40$c20210506$lBLL01$h0916

