=LDR  05428cas a2201141 i 4500
=001  017748302
=003  Uk
=005  20230420104004.0
=006  m\\\\\|\\d\|\\\\\\
=007  cr\|||||||||||
=008  061219c19819999enkqr\pso\\\\\0\\\a0eng\c
=FMT  \\$a  SE
=015  \\$aGBB789861$2bnb
=022  \\$a1925-7082$y0228-6203$21
=035  \\$a(OCoLC)77079238
=037  \\$aISSN_02286203_21$bPortico$nTaylor & Francis
=040  \\$aOCLCS$beng$cOCLCS$dOCLCS$dOCLCQ$dNOC$dOCLCF$dOCLCO$dDLC$dUk
=041  0\$aeng$afre$ager
=042  \\$aukblsr
=050  \4$aTA342$b.I57
=082  04$a003.3$223
=130  0\$aInternational journal of modelling & simulation (Online)
=210  0\$aInt. j. model. simul.$b(Online)
=222  \0$aInternational journal of modelling & simulation$b(Online)
=245  10$aInternational journal of modelling & simulation$h[electronic resource] :$ba journal of the International Association of Science and Technology for Development, IASTED.
=246  3\$aInternational journal of modelling and simulation
=260  \\$aAnaheim, CA ;$aCalgary :$bACTA Press
=260  3\$3<2014-> :$a[Abingdon, Oxfordshire, UK] :$bTaylor & Francis
=310  \\$aQuarterly
=336  \\$atext$2rdacontent
=337  \\$acomputer$2rdamedia
=338  \\$aonline resource$2rdacarrier
=362  1\$aBegan with: Vol. 1, issue 1 (1981).
=530  \\$aAlso issued in print.
=538  \\$aMode of access: World Wide Web.
=546  \\$aIn English, French or German. From <2015> in English only.
=588  \\$aDescription based on: Vol. 20, issue 1 (2000); title from contents page (tandfonline.com website, viewed July 17, 2015).
=588  \\$aLatest issue consulted:Volume 35, issue 1 (2015) (viewed December 9, 2015).
=540  \\$aCurrent copyright fee: GBP43.00$c2\0$5Uk
=650  \0$aMathematical models$vPeriodicals.
=650  \0$aSimulation methods$vPeriodicals.
=650  \7$aMathematical models.$2fast$0(OCoLC)fst01012085
=650  \7$aSimulation methods.$2fast$0(OCoLC)fst01119166
=655  \7$aPeriodicals.$2fast$0(OCoLC)fst01411641
=710  2\$aInternational Association of Science and Technology for Development.
=776  08$iPrint version:$tInternational journal of modelling & simulation$x0228-6203
=866  \\$xTransferred from print$zPrevious issues available in print copy
=859  \\$aELD$bejournal
=856  \\$31850-9999$uhttp://www.tandfonline.com/$xBLDSS
=856  40$uhttp://gateway.proquest.com/openurl?url%5Fver=Z39.88-2004&res%5Fdat=xri:pqd&rft%5Fval%5Ffmt=info:ofi/fmt:kev:mtx:journal&rft%5Fdat=xri:pqd:PMID%3D73290
=856  40$uhttp://www.tandfonline.com/loi/tjms20#.VYgzJ8vwvkU
=852  41$aBritish Library$bHMNTS$jELD Digital store$3Volume 36:Number 1/2(2016)-
=852  \\$aBritish Library$bDSC$j4542.365000$3Volume 36:Issue 1/2(2016)-Volume 37:Issue 4(2017)***See ESTAR for full holdings.
=945  \\$aInternational journal of modelling and simulation.
=959  \\$fHeld but not currently received
=979  \\$aBritish Library$bDSC$j4542.365000
=CAT  \\$a14412$b40$c20160223$lBLL01$h1238
=CAT  \\$a5552$b40$c20160302$lBLL01$h1409
=CAT  \\$aBLDSS-3PM$b00$c20160302$lBLL01$h1647
=CAT  \\$aIPL-CLA$c20160331$lBLL01$h1821
=CAT  \\$aBATCH-UPD$b00$c20160413$lBLL01$h1830
=CAT  \\$aBATCH-UPD$b00$c20160523$lBLL01$h1439
=CAT  \\$aBATCH-UPD$b00$c20161122$lBLL01$h1507
=CAT  \\$aIPL-CLA$c20161231$lBLL01$h0025
=CAT  \\$a10806$b40$c20170601$lBLL01$h1415
=CAT  \\$a10806$b40$c20170601$lBLL01$h1417
=CAT  \\$a10806$b40$c20170601$lBLL01$h1550
=CAT  \\$a10806$b40$c20171018$lBLL01$h1446
=CAT  \\$aBATCH-UPD$b40$c20171121$lBLL01$h1657
=CAT  \\$aW1711-1005$c20171206$lBLL01$h1829
=CAT  \\$aIPL-CLA$c20171231$lBLL01$h1831
=CAT  \\$aBATCH-UPD$b00$c20181217$lBLL01$h1646
=CAT  \\$aIPL-CLA$c20181231$lBLL01$h1555
=CAT  \\$aW1811-111$c20190203$lBLL01$h0956
=CAT  \\$aBATCH-UPD$b00$c20191122$lBLL01$h1908
=CAT  \\$aIPL-CLA$c20191231$lBLL01$h2042
=CAT  \\$a8055$b40$c20200828$lBLL01$h1242
=CAT  \\$aBATCH-UPD$b40$c20201118$lBLL01$h1342
=CAT  \\$aIPL-CLA$c20201231$lBLL01$h1533
=CAT  \\$aBATCH-UPD$b00$c20221121$lBLL01$h1341
=CAT  \\$aIPL-CLA$c20221231$lBLL01$h1454
=CAT  \\$a5410$b40$c20230420$lBLL01$h1040
=CFI  0\$aCurrent copyright fee: GBP43.00$c2\0$e01-jan-2023$fGBP43.00$g0$hP$5Uk
=CFI  2\$aPrevious copyright fee: GBP41.00$c2\0$e01-jan-2021$fGBP41.00$g0$hP$5Uk
=FFP  \\$aY$bBLDSS-3PM
=FIN  \\$aY$d20151209
=LET  \0$aInternational journal of modelling & simulation (Electronic)
=LKR  \\$aPAR$b009858631$lBLL01$nInternational journal of modelling & simulation (Print)$mInternational journal of modelling & simulation (Online)$r776
=MNI  \\$a0228-6203
=SID  \\$aZ39$bOCLC
=TOC  \\$aETOC
=ACF  \\$aPrevious copyright fee: GBP31.00$c2\0$e25-feb-2016$fGBP31.00$g0$hP$5Uk
=ACF  \\$aPrevious copyright fee: GBP31.00$c2\0$e01-apr-2016$fGBP31.00$g0$hP$5Uk
=ACF  \\$aPrevious copyright fee: GBP33.00$c2\0$e01-jan-2017$fGBP33.00$g0$hP$5Uk
=ACF  \\$aPrevious copyright fee: GBP35.00$c2\0$e01-jan-2018$fGBP35.00$g0$hP$5Uk
=ACF  \\$aPrevious copyright fee: GBP37.00$c2\0$e01-jan-2019$fGBP37.00$g0$hP$5Uk
=ACF  \\$aPrevious copyright fee: GBP39.00$c2\0$e01-jan-2020$fGBP39.00$g0$hP$5Uk
=LAS  \\$a5410$b40$c20230420$lBLL01$h1040

