=LDR  04852cas a2201093 i 4500
=001  017757354
=003  Uk
=005  20230511163121.0
=006  m\\\\\|\\d\|\\\\\\
=007  cr\|||||||||||
=008  160302c20149999mduqr\p\o\\\\\0\\\a0eng\\
=FMT  \\$a  SE
=015  \\$aGBB668172$2bnb
=022  \\$a2332-4260
=037  3\$aISSN_23324252$bPortico$nLippincott Williams & Wilkins
=037  2\$aons$bOxford University Press
=037  2\$aISSN_23324252_4$bPortico$nOxford University Press
=040  \\$aUk$beng$cUk$dUk$erda
=042  \\$aukblsr
=082  04$a617.480590$223
=210  0\$aOper. neurosurg.$b(Online)
=222  \0$aOperative neurosurgery$b(Online)
=245  00$aOperative neurosurgery.
=264  \1$aHagerstown, MD :$bLippincott Williams & Wilkins,$c[2014]-
=264  21$aSchaumburg, IL :$bCongress of Neurological Surgeons
=264  21$3<2017-> :$a[Oxford] :$b[Oxford University Press]
=264  31$3<2021-> :$a[Hagerstown, MD] :$bWolters Kluwer Health, Inc.
=300  \\$billustrations (black and white, and colour)
=310  \\$aMonthly,$b2018-
=321  \\$aFour issues per year,$b2014-2017
=336  \\$atext$2rdacontent
=337  \\$acomputer$2rdamedia
=338  \\$aonline resource$2rdacarrier
=362  0\$aVolume 10, issue 1 (March 2014)-
=500  \\$aTitle from cover thumbnail (LWW website, viewed May 19, 2016).
=515  \\$aVolume numbering reflects start of supplement in 2005.
=580  \\$aBefore 2014 published as an unnumbered supplement of: Neurosurgery.
=588  \\$aLatest issue consulted: Volume 22, Issue 1 (January 2022) (Wolters Kluwer Health website, viewed Jan. 5, 2022).
=540  \\$aCurrent copyright fee: GBP32.00$c20\0$5Uk
=650  \0$aNervous system$xSurgery$vPeriodicals.
=710  2\$aCongress of Neurological Surgeons,$eissuing body.
=772  1\$tNeurosurgery (Baltimore, Md. : Online)$x1524-4040
=776  08$iAlso issued in print as:$tOperative neurosurgery$x2332-4252
=859  \\$aELD$bejournal
=856  \\$31850-9999$uhttp://journals.lww.com/pages/default.aspx$xBLDSS
=856  40$uhttps://academic.oup.com/ons/issue
=856  40$uhttp://journals.lww.com/onsonline/pages/default.aspx
=852  \\$aBritish Library$bDSC$j6269.380200$3Volume 12:Issue 4(2016)-
=852  41$aBritish Library$bHMNTS$jELD Digital store$3Volume 10:Issue 1(2014)-
=945  \\$aOperative neurosurgery.
=959  \\$fCurrently received
=985  \\$aISSN responsibility transferred from U.S. to UK (Richard, 31/07/17)
=985  \\$aISSN responsibility transferred from UK to U.S. Center in advance of move to Wolters Kluwer Health, Inc. in 2022 (Richard, 21/12/21)
=CAT  \\$a14448$b40$c20160302$lBLL01$h1131
=CAT  \\$a12654$b40$c20170609$lBLL01$h1348
=CAT  \\$a10806$b40$c20170718$lBLL01$h1339
=CAT  \\$a10806$b40$c20170731$lBLL01$h0843
=CAT  \\$a10806$b40$c20170731$lBLL01$h0908
=CAT  \\$a10806$b40$c20170731$lBLL01$h1104
=CAT  \\$a5410$b40$c20170823$lBLL01$h1225
=CAT  \\$a5410$b40$c20170823$lBLL01$h1226
=CAT  \\$aBATCH-UPD$b40$c20171121$lBLL01$h1705
=CAT  \\$aW1711-1005$c20171206$lBLL01$h1829
=CAT  \\$aIPL-CLA$c20171231$lBLL01$h1831
=CAT  \\$aBATCH-UPD$b00$c20181217$lBLL01$h1653
=CAT  \\$aIPL-CLA$c20181231$lBLL01$h1555
=CAT  \\$a12654$b40$c20190717$lBLL01$h1223
=CAT  \\$a15005$b40$c20191014$lBLL01$h1109
=CAT  \\$aR1911-1518$c20191206$lBLL01$h1418
=CAT  \\$aIPL-CLA$c20191231$lBLL01$h2042
=CAT  \\$a10806$b40$c20211221$lBLL01$h1448
=CAT  \\$aBATCH-UPD$b40$c20220308$lBLL01$h1736
=CAT  \\$a10902$b40$c20220324$lBLL01$h1207
=CAT  \\$aIPL-CLA$c20220331$lBLL01$h1953
=CAT  \\$a8055$b40$c20220824$lBLL01$h1114
=CAT  \\$a10806$b40$c20220824$lBLL01$h1437
=CAT  \\$a10983$b40$c20220917$lBLL01$h1053
=CAT  \\$a6811$b40$c20220923$lBLL01$h1538
=CAT  \\$aBATCH-FIX$c20230511$lBLL01$h1631
=CFI  0\$aCurrent copyright fee: GBP32.00$c20\0$e24-aug-2022$fGBP32.00$g0$hP$5Uk
=CFI  2\$aPrevious copyright fee: GBP22.00$c29\0$e01-apr-2022$fGBP22.00$g0$hP$5Uk
=FFP  \\$aY$bBLDSS-3PM
=FIN  \\$aY$d20160519
=LET  \0$aOperative neurosurgery (Electronic)
=LKR  \\$aPAR$b015994326$lBLL01$r772$mOperative neurosurgery$nNeurosurgery online
=MNI  \\$a2332-4252
=TOC  \\$aETOC
=UNO  \\$aY
=ACF  \\$aPrevious Copyright Fee: GBP20.00$c29\0$e01-jan-2020$fGBP20.00$g0$hP$5Uk
=ACF  \\$aPrevious copyright fee: GBP39.00$c20\0$e07-jan-2016$fGBP39.00$g0$hP$5Uk
=ACF  \\$aPrevious copyright fee: GBP26.00$c29\0$e01-jan-2017$fGBP26.00$g0$hP$5Uk
=ACF  \\$aPrevious copyright fee: GBP27.00$c29\0$e01-jan-2018$fGBP27.00$g0$hP$5Uk
=ACF  \\$aPrevious copyright fee: GBP28.00$c29\0$e01-jan-2019$fGBP28.00$g0$hP$5Uk
=LAS  \\$aBATCH-FIX$b00$c20230511$lBLL01$h1631

