=LDR  03577cas a2200913 a 4500
=001  017757386
=003  Uk
=005  20210423090753.0
=006  m\\\\\o\\d\\\\\\\\
=007  cr\|||||||||||
=008  020417c20029999mdubr\pso\\\\\0\\\a0eng\c
=FMT  \\$a  SE
=010  \\$a  2004700045
=015  \\$aGBB668156$2bnb
=022  \\$a1943-4685
=035  \\$a(OCoLC)49605600
=037  \\$aISSN_15365026$bPortico$nLippincott Williams & Wilkins
=040  \\$aTMY$beng$cTMY$dOCLCQ$dPIT$dNSD$dLGG$dOCLCQ$dDLC$dOCLCF$dOCLCO$dOCLCQ$dOCLCO$dUk
=042  \\$aukblsr
=043  \\$an-us---
=050  10$aISSN RECORD
=050  \4$aRT1$b.N763
=082  04$a610.73071073$223
=130  0\$aNursing education perspectives (Online)
=222  \0$aNursing education perspectives$b(Online)
=245  10$aNursing education perspectives.
=260  \\$a[New York, NY] :$bNational League for Nursing,$c©2002-
=264  31$a[Hagerstown, MD] :$b[Lippincott Williams & Wilkins, Inc.]
=310  \\$aBimonthly
=336  \\$atext$2rdacontent
=337  \\$acomputer$2rdamedia
=338  \\$aonline resource$2rdacarrier
=362  0\$aVol. 23(1) (Jan/Feb 2002)-
=540  \\$aCurrent copyright fee: GBP32.00$c20\0$5Uk
=500  \\$aTitle from issue table of contents (Ovid web site, viewed Oct. 7, 2004).
=530  \\$aAlso issued in print.
=538  \\$aMode of access: World Wide Web.
=588  \\$aLatest issue consulted: volume 37, issue 3 (May/June 2016) (LWW website, viewed May 19, 2016).
=650  \0$aNursing$zUnited States$vPeriodicals.
=650  \0$aNursing$vPeriodicals.
=650  \0$aNursing$xStudy and teaching$zUnited States$vPeriodicals.
=650  12$aEducation, Nursing.
=650  22$aNursing.
=650  \7$aNursing.$2fast$0(OCoLC)fst01041731
=651  \7$aUnited States.$2fast$0(OCoLC)fst01204155
=655  \2$aPeriodicals.
=655  \7$aPeriodicals.$2fast$0(OCoLC)fst01411641
=710  2\$aNational League for Nursing.
=776  1\$tNursing education perspectives$x1536-5026
=780  00$tNursing and health care perspectives (Online)$x2331-3749
=859  \\$aELD$bejournal
=856  \\$31850-9999$uhttp://journals.lww.com/pages/default.aspx$xBLDSS
=856  40$uhttp://gateway.ovid.com/ovidweb.cgi?T=JS&MODE=ovid&PAGE=toc&D=ovft&AN=00024776-000000000-00000
=856  40$uhttp://search.proquest.com/publication/25605
=856  40$uhttp://journals.lww.com/neponline/pages/default.aspx
=852  41$aBritish Library$bHMNTS$jELD Digital store$3Volume 36:Issue 1(2016)-
=852  \\$aBritish Library$bDSC$j6187.046830$3Volume 42:Issue 1(2021)-
=945  \\$aNursing education perspectives.
=959  \\$fCurrently received
=CAT  \\$a14448$b40$c20160302$lBLL01$h1155
=CAT  \\$a5552$b40$c20160311$lBLL01$h1354
=CAT  \\$aBLDSS-3PM$b00$c20160317$lBLL01$h1142
=CAT  \\$aBATCH-UPD$b00$c20160413$lBLL01$h1830
=CAT  \\$a10806$b40$c20160519$lBLL01$h0905
=CAT  \\$a10806$b40$c20160519$lBLL01$h0927
=CAT  \\$a10806$b40$c20160609$lBLL01$h0754
=CAT  \\$a5552$b40$c20170321$lBLL01$h1543
=CAT  \\$aW1711-1005$c20171206$lBLL01$h1829
=CAT  \\$a12654$b40$c20210422$lBLL01$h0847
=CAT  \\$a12654$b40$c20210423$lBLL01$h0907
=CFI  0\$aCurrent copyright fee: GBP32.00$c20\0$e23-apr-2021$fGBP32.00$g0$hP$5Uk
=CFI  2\$aPrevious copyright fee: GBP30.32$c20\0$e11-mar-2016$fGBP30.32$g0$hP$5Uk
=FFP  \\$aY$bBLDSS-3PM
=FIN  \\$aY$d20160519
=MNI  \\$a1536-5026
=SID  \\$aZ39$bOCLC
=TOC  \\$aETOC
=UNO  \\$aY
=LAS  \\$a12654$b40$c20210423$lBLL01$h0907

