=LDR  02681cas a2200697 i 4500
=001  017758160
=003  Uk
=005  20210422124757.0
=006  m\\\\\|\\d\|\\\\\\
=007  cr\|||||||||||
=008  160303c20169999pausr\p\o\\\\\0\\\a0eng\\
=FMT  \\$a  SE
=015  \\$aGBB668198$2bnb
=022  \\$a2379-2868
=037  \\$aISSN_23792868$bPortico$nLippincott Williams & Wilkins
=040  \\$aUk$beng$cUk$dUk$erda
=042  \\$aukblsr
=082  04$a613.7$223
=222  \0$aTranslational journal of the American College of Sports Medicine
=245  00$aTranslational journal of the American College of Sports Medicine.
=264  \1$a[Philadelphia?] :$bWolters Kluwer,$c2016-
=310  \\$aSemimonthly
=336  \\$atext$2rdacontent
=337  \\$acomputer$2rdamedia
=338  \\$aonline resource$2rdacarrier
=362  0\$aVolume 1, issue 1 (April 1, 2016)-
=540  \\$aCurrent copyright fee: GBP32.00$c20\0$5Uk
=500  \\$aTitle from cover thumbnail image (LWW website, viewed May 19, 2016).
=650  \0$aExercise$xPhysiological aspects$vPeriodicals.
=650  \0$aExercise$vPeriodicals.
=650  \0$aSports medicine$vPeriodicals.
=710  2\$aAmerican College of Sports Medicine,$eissuing body.
=859  \\$aELD$bejournal
=856  \\$31850-9999$uhttp://journals.lww.com/pages/default.aspx$xBLDSS
=856  40$uhttp://journals.lww.com/acsm-tj/pages/default.aspx
=852  41$aBritish Library$bHMNTS$jELD Digital store$3Volume 1:Issue 1(2016)-
=852  \\$aBritish Library$bDSC$j9024.919462$3Volume 6:Issue 1(2021)-
=945  \\$aTranslational journal- American College of Sports Medicine.
=959  \\$fCurrently received
=985  \\$aISSN 2379-2868 not yet completed (U.S.). Add 222 when confirmed.
=CAT  \\$a14448$b40$c20160303$lBLL01$h0809
=CAT  \\$a10806$b40$c20160519$lBLL01$h1345
=CAT  \\$a5552$b40$c20160525$lBLL01$h1442
=CAT  \\$aBLDSS-3PM$b00$c20160531$lBLL01$h1130
=CAT  \\$aBATCH-UPD$b00$c20160531$lBLL01$h1251
=CAT  \\$aBATCH-UPD$b00$c20160531$lBLL01$h2205
=CAT  \\$a3072$b40$c20170327$lBLL01$h1556
=CAT  \\$a5410$b40$c20170904$lBLL01$h0854
=CAT  \\$aW1711-1005$c20171206$lBLL01$h1829
=CAT  \\$a5552$b40$c20191216$lBLL01$h0852
=CAT  \\$a5410$b40$c20191216$lBLL01$h0920
=CAT  \\$a5552$b40$c20191217$lBLL01$h0811
=CAT  \\$a5410$b40$c20191220$lBLL01$h1056
=CAT  \\$a12654$b40$c20210422$lBLL01$h1247
=CFI  0\$aCurrent copyright fee: GBP32.00$c20\0$e07-jun-2016$fGBP32.00$g0$hP$5Uk
=FFP  \\$aY$bBLDSS-3PM
=FIN  \\$aY$d20160519
=MNI  \\$a2379-2868
=TOC  \\$aETOC
=UNO  \\$aY
=LAS  \\$a12654$b40$c20210422$lBLL01$h1247

