=LDR  02801cas a2200721 i 4500
=001  017758163
=003  Uk
=005  20210422122813.0
=006  m\\\\\|\\d\|\\\\\\
=007  cr\|||||||||||
=008  160303c20169999pausr\p\o\\\\\0\\\a0eng\\
=FMT  \\$a  SE
=015  \\$aGBB664078$2bnb
=022  \\$a2380-0224
=037  \\$aISSN_23800216$bPortico$nLippincott Williams & Wilkins
=040  \\$aUk$beng$cUk$erda
=042  \\$aissnuk$aukblsr
=082  04$a618.2005$223
=222  \0$aTopics in obstetrics & gynecology$b(Online)
=245  00$aTopics in obstetrics & gynecology :$bpractical CME newsletter for clinicians.
=264  \1$a[Philadelphia] :$bLippincott Williams & Wilkins,$c2016-
=310  \\$aSemimonthly
=336  \\$atext$2rdacontent
=337  \\$acomputer$2rdamedia
=338  \\$aonline resource$2rdacarrier
=362  0\$aVolume 36, issue 1 (January 15, 2016)-
=540  \\$aCurrent copyright fee: GBP32.00$c20\0$5Uk
=500  \\$aTitle from cover (LWW website, viewed May 6, 2016).
=650  \0$aObstetrics$vPeriodicals.
=650  \0$aGynecology$vPeriodicals.
=780  00$tPostgraduate obstetrics & gynecology (Online)$x2165-3607
=859  \\$aELD$bejournal
=856  \\$31850-9999$uhttp://journals.lww.com/pages/default.aspx$xBLDSS
=856  40$uhttp://journals.lww.com/postgradobgyn/pages/default.aspx
=852  41$aBritish Library$bHMNTS$jELD Digital store$3Volume 36:Issue 1(2016)-
=852  \\$aBritish Library$bDSC$j8867.472700$3Volume 41:Issue 1(2021)-
=945  \\$aTopics in obstetrics and gynecology.
=959  \\$fCurrently received
=CAT  \\$a14448$b40$c20160303$lBLL01$h0820
=CAT  \\$a10983$b40$c20160307$lBLL01$h1332
=CAT  \\$a10983$b40$c20160307$lBLL01$h1422
=CAT  \\$a10806$b40$c20160506$lBLL01$h1412
=CAT  \\$a10806$b40$c20160506$lBLL01$h1413
=CAT  \\$a10806$b40$c20160519$lBLL01$h1402
=CAT  \\$a5552$b40$c20160607$lBLL01$h1423
=CAT  \\$aBLDSS-3PM$b00$c20160616$lBLL01$h1558
=CAT  \\$aBATCH-UPD$b00$c20160616$lBLL01$h1559
=CAT  \\$a10983$b40$c20170406$lBLL01$h1437
=CAT  \\$aW1711-1005$c20171205$lBLL01$h2213
=CAT  \\$a8874$b40$c20180601$lBLL01$h1353
=CAT  \\$a5552$b40$c20191007$lBLL01$h1353
=CAT  \\$a5410$b40$c20191008$lBLL01$h1046
=CAT  \\$a5410$b40$c20191009$lBLL01$h0906
=CAT  \\$a12654$b40$c20210422$lBLL01$h1228
=CFI  0\$aCurrent copyright fee: GBP32.00$c20\0$e07-jun-2016$fGBP32.00$g0$hP$5Uk
=FFP  \\$aY$bBLDSS-3PM
=FIN  \\$aY$d20160506
=LET  \0$aTopics in obstetrics & gynecology (Electronic)
=LKR  \\$aPAR$b017375242$lBLL01$r78000$mTopics in obstetrics & gynecology$nPostgraduate obstetrics & gynecology
=MNI  \\$a2380-0216
=TOC  \\$aETOC
=UNO  \\$aY
=LAS  \\$a12654$b40$c20210422$lBLL01$h1228

