=LDR  02744cas a2200709 i 4500
=001  017758164
=003  Uk
=005  20191023080729.0
=006  m\\\\\|\\d\|\\\\\\
=007  cr\|||||||||||
=008  160303c20169999paumx\p\o\\\\\0\\\a0eng\\
=FMT  \\$a  SE
=015  \\$aGBB664083$2bnb
=022  \\$a2380-0194
=037  \\$aISSN_23800186$bPortico$nLippincott Williams & Wilkins
=040  \\$aUk$beng$cUk$erda
=042  \\$aukblsr
=082  04$a617.56059$223
=222  \0$aClinical spine surgery$b(Online)
=245  00$aClinical spine surgery.
=264  \1$a[Philadelphia] :$bLippincott Williams & Wilkins,$c2016-
=310  \\$aTen times a year
=336  \\$atext$2rdacontent
=337  \\$acomputer$2rdamedia
=338  \\$aonline resource$2rdacarrier
=362  0\$aVolume 29, issue 1 (February 2016)-
=500  \\$aTitle from cover (LWW website, viewed May 6, 2016).
=580  \\$aIncludes issues of former title: Journal of spinal disorders & techniques.
=540  \\$aCurrent copyright fee: GBP32.00$c20\0$5Uk
=650  \0$aSpinal cord$xDiseases$vPeriodicals.
=650  \0$aSpinal cord$xSurgery$vPeriodicals.
=780  00$tJournal of spinal disorders & techniques (Online)$x1539-2465
=856  40$31850-9999$uhttp://journals.lww.com/pages/default.aspx$xBLDSS
=856  40$uhttp://journals.lww.com/jspinaldisorders/pages/default.aspx
=859  \\$aELD$bejournal
=852  \\$aBritish Library$bDSC$j3286.382100$3Volume 29:Issue 1(2016)-
=852  41$aBritish Library$bHMNTS$jELD Digital store$3Volume 29:Issue 1(2016)-
=945  \\$aClinical spine surgery.
=959  \\$fCurrently received
=CAT  \\$a14448$b40$c20160303$lBLL01$h0831
=CAT  \\$a5552$b40$c20160420$lBLL01$h1438
=CAT  \\$aBLDSS-3PM$b00$c20160425$lBLL01$h1648
=CAT  \\$a10806$b40$c20160506$lBLL01$h1449
=CAT  \\$a10806$b40$c20160506$lBLL01$h1457
=CAT  \\$aBATCH-UPD$b40$c20160522$lBLL01$h2355
=CAT  \\$aBATCH-UPD$b40$c20160524$lBLL01$h2200
=CAT  \\$a5552$b40$c20161221$lBLL01$h1201
=CAT  \\$a5410$b40$c20161222$lBLL01$h1206
=CAT  \\$a12654$b40$c20170113$lBLL01$h0923
=CAT  \\$a12654$b40$c20170113$lBLL01$h0924
=CAT  \\$aW1711-1005$c20171206$lBLL01$h1829
=CAT  \\$a8874$b40$c20180601$lBLL01$h1354
=CAT  \\$a12654$b40$c20191023$lBLL01$h0807
=CFI  0\$aCurrent copyright fee: GBP32.00$c20\0$e20-apr-2016$fGBP32.00$g0$hP$5Uk
=FFP  \\$aY$bBLDSS-3PM
=FIN  \\$aY$d20160506
=LET  \0$aClinical spine surgery (Electronic)
=LKR  \\$aPAR$b015994427$lBLL01$r78000$mClinical spine surgery (Online)$nJournal of spinal disorders & techniques (Online)
=MNI  \\$a2380-0186
=TOC  \\$aETOC
=UNO  \\$aY
=LAS  \\$a12654$b40$c20191023$lBLL01$h0807

