=LDR  03179cas a22007337i 4500
=001  017847224
=003  Uk
=005  20221003142831.0
=006  m\\\\\\\\d\|\\\\\\
=007  cr||||||||||||
=008  160513c20169999njuqr\p\o\\\\\0\\\a0eng\\
=FMT  \\$a  SE
=022  \\$a2398-3396
=037  \\$aISSN_23983396_2$bPortico$nWiley
=040  \\$aUk$beng$cUk$dUk$erda
=210  0\$aIET cyber-phys. syst.
=222  \0$aIET cyber-physical systems
=245  00$aIET cyber-physical systems :$bTheory & applications.
=246  3\$aInstitution of Engineering and Technology cyber-physical systems
=264  \1$a[Stevenage] :$bInstitution of Engineering and Technology,$c2016-
=264  31$a[Hoboken, New Jersey?] :$bJohn Wiley & Sons Ltd on behalf of The Institution of Engineering and Technology
=310  \\$aQuarterly
=336  \\$atext$2rdacontent
=337  \\$acomputer$2rdamedia
=338  \\$aonline resource$2rdacarrier
=362  0\$aVolume 1, issue 1 (December 2016)-
=500  \\$aTitle from inaugural editorial (viewed May 19, 2017).
=540  \\$aCurrent copyright fee: zero$c35\0$5Uk
=588  \\$aLatest issue consulted: volume 7, issue 3 (September 2022) (Wiley Online Library, viewed October 3, 2022).
=710  2\$aInstitution of Engineering and Technology,$eissuing body.
=856  4\$31850-9999$uhttp://ieeexplore.ieee.org/Xplore/home.jsp$xBLDSS
=856  40$uhttp://digital-library.theiet.org/content/journals/iet-cps
=856  40$uhttps://ietresearch.onlinelibrary.wiley.com/journal/23983396
=859  \\$aELD$bejournal
=852  \\$aBritish Library$bDSC$j4363.252440$3Volume 1(2016)-Volume 3(2018)***See ESTAR for full holdings.
=852  41$aBritish Library$bHMNTS$jELD Digital store$3Volume 1:Issue 1(2016)-
=945  \\$aIET cyber-physical systems
=985  \\$aISSN responsibility transferred to U.S. Center - IET transfer list 2021 (now Wiley)
=CAT  \\$a11313$b40$c20160513$lBLL01$h1259
=CAT  \\$a12654$b40$c20170424$lBLL01$h0921
=CAT  \\$a12654$b40$c20170424$lBLL01$h0924
=CAT  \\$aBATCH-UPD$b40$c20170425$lBLL01$h2326
=CAT  \\$aBLDSS-3PM$b00$c20170502$lBLL01$h1430
=CAT  \\$aBATCH-UPD$b00$c20170502$lBLL01$h1431
=CAT  \\$a5410$b40$c20170504$lBLL01$h1142
=CAT  \\$a10806$b40$c20170519$lBLL01$h1557
=CAT  \\$a10806$b40$c20170519$lBLL01$h1558
=CAT  \\$a5552$b40$c20170912$lBLL01$h0918
=CAT  \\$aBATCH-UPD$b40$c20210126$lBLL01$h1422
=CAT  \\$aIPL-CLA$c20210126$lBLL01$h1447
=CAT  \\$a5552$b40$c20210129$lBLL01$h1541
=CAT  \\$a10983$b40$c20210904$lBLL01$h1132
=CAT  \\$a5410$b40$c20210908$lBLL01$h0931
=CAT  \\$a10806$b40$c20211019$lBLL01$h1442
=CAT  \\$a10806$b40$c20221003$lBLL01$h1428
=CFI  0\$aCurrent copyright fee: zero$c35\0$e26-jan-2021$fGBP0.00$g0$hP$5Uk
=CFI  2\$aPrevious copyright fee: GBP15.00$c33\0$e12-sep-2017$fGBP15.00$g0$hP$5Uk
=FFP  \\$aY$bBLDSS-3PM
=FIN  \\$aY$d20170519
=LET  \0$aIET cyber-physical systems (Electronic)
=TOC  \\$aETOC
=UNO  \\$aY
=ACF  \\$aPrevious copyright fee: GBP28.40$c32\0$e24-apr-2017$fGBP24.80$g0$hP$5Uk
=LAS  \\$a10806$b40$c20221003$lBLL01$h1428

