=LDR  03045cas a2200781 i 4500
=001  017887772
=003  Uk
=005  20191114134438.0
=006  m\\\\\\\\d\|\\\\\\
=007  cr||||||||||||
=008  160621c20179999enkqr\p\o\\\\\0\\\a0eng\\
=FMT  \\$a  SE
=015  \\$aGBB787553$2bnb
=022  0\$a2398-6255$202
=037  \\$aISSN_23986247$bPortico$nEmerald
=040  \\$aUk$beng$cUk$erda
=042  \\$aissnuk$aukblsr
=082  04$a025.524$223
=210  0\$aInf. discov. deliv.$b(Online)
=222  \0$aInformation discovery and delivery$b(Online)
=245  00$aInformation discovery and delivery.
=264  \1$a[Bingley, West Yorkshire] :$bEmerald Publishing Limited,$c2017-
=310  \\$aQuarterly
=336  \\$atext$2rdacontent
=337  \\$acomputer$2rdamedia
=338  \\$aonline resource$2rdacarrier
=362  0\$aVolume 45, issue 1 (2017)-
=500  \\$aTitle from journal homepage (Emerald Insight, viewed May 25, 2017).
=540  \\$aCurrent copyright fee: GBP30.00$c25\0$5Uk
=650  \0$aInformation retrieval$vPeriodicals.
=650  \0$aDocument delivery$vPeriodicals.
=650  \0$aDigital libraries$vPeriodicals.
=650  \0$aInformation storage and retrieval systems$vPeriodicals.
=776  08$iAlso issued in print as:$tInformation discovery and delivery$x2398-6247
=780  00$tInterlending & document supply (Online)$x1758-5848
=859  \\$aELD$bejournal
=856  \\$31850-9999$uhttp://www.emeraldinsight.com/$xBLDSS
=856  40$uhttp://www.emeraldinsight.com/loi/idd
=852  \\$aBritish Library$bDSC$j4993.550000$3Volume 45:Issue 1(2017)-
=852  41$aBritish Library$bHMNTS$jELD Digital store$3Volume 45:Issue 1(2017)-
=945  \\$aInformation discovery and delivery.
=959  \\$aCurrently received
=CAT  \\$a10806$b40$c20160621$lBLL01$h1329
=CAT  \\$a10806$b40$c20160621$lBLL01$h1333
=CAT  \\$a11450$b40$c20161208$lBLL01$h0933
=CAT  \\$a8311$b40$c20161215$lBLL01$h1425
=CAT  \\$a5552$b40$c20170525$lBLL01$h0833
=CAT  \\$a10806$b40$c20170525$lBLL01$h1052
=CAT  \\$a10806$b40$c20170525$lBLL01$h1102
=CAT  \\$aBLDSS-3PM$b00$c20170601$lBLL01$h1853
=CAT  \\$aBATCH-UPD$b00$c20170601$lBLL01$h1854
=CAT  \\$a12654$b40$c20171113$lBLL01$h1421
=CAT  \\$a11205$b40$c20171122$lBLL01$h1228
=CAT  \\$aW1711-1005$c20171205$lBLL01$h2213
=CAT  \\$a8874$b40$c20180601$lBLL01$h1405
=CAT  \\$a5410$b40$c20191106$lBLL01$h1007
=CAT  \\$a5410$b40$c20191106$lBLL01$h1009
=CAT  \\$a5410$b40$c20191114$lBLL01$h1336
=CAT  \\$a5410$b40$c20191114$lBLL01$h1344
=CFI  0\$aCurrent copyright fee: GBP30.00$c25\0$e25-may-2017$fGBP30.00$g0$hP$5Uk
=FFP  \\$aY$bBLDSS-3PM
=FIN  \\$aY$d20170525
=LET  \0$aInformation discovery and delivery (Electronic)
=LKR  \\$aPAR$b012433398$lBLL01$r78000$mInformation discovery and delivery (Online)$nInterlending & document supply (Online)
=MNI  \\$a2398-6247
=TOC  \\$aETOC
=UNO  \\$aY
=LAS  \\$a5410$b40$c20191114$lBLL01$h1344

