=LDR  02735cas a2200721 i 4500
=001  017976259
=003  Uk
=005  20230801105115.0
=006  m\\\\\\\\d\|\\\\\\
=007  cr||||||||||||
=008  160816c20189999enkwr\p\o\\\\\0\\\a0eng\\
=FMT  \\$a  SE
=015  \\$aGBB862758$2bnb
=022  0\$a2398-9629$202
=037  \\$a???$bSpringer
=040  \\$aUk$beng$cUk$dUk$erda
=042  \\$aissnuk$aukblsr
=082  04$a333.7205$223
=222  \0$aNature sustainability
=245  00$aNature sustainability.
=264  \1$aLondon :$bMacmillan Publishers, part of Springer Nature,$c2018-
=310  \\$aWeekly
=336  \\$atext$2rdacontent
=337  \\$acomputer$2rdamedia
=338  \\$aonline resource$2rdacarrier
=362  1\$aVolume 1, issue 1 (January 2018)-
=588  \\$aDescription based on: Volume 1, issue 1 (January 2018); viewed January 19 2018.
=588  \\$aLatest issue consulted: volume 1, issue 3 (March 2018) (publisher's website, viewed April 5, 2018).
=540  \\$aCurrent copyright fee: GBP34.95$c16\0$5Uk
=650  \0$aSustainability$vPeriodicals.
=650  \0$aEnvironmentalism$vPeriodicals.
=856  \\$31850-9999$uhttp://www.nature.com/$xBLDSS
=856  40$uhttps://www.nature.com/natsustain/
=859  \\$aELD$bejournal
=852  \\$aBritish Library$bDSC$j6047.450000$3See ESTAR for full holdings.
=852  41$aBritish Library$bHMNTS$jELD Digital store
=945  \\$aNature sustainability.
=959  \\$fCurrently received
=985  \\$aIC asked for ROAD coding to be removed, 01.08.2023.
=CAT  \\$a11205$b40$c20160816$lBLL01$h1359
=CAT  \\$a11313$b40$c20180119$lBLL01$h0919
=CAT  \\$a5552$b40$c20180131$lBLL01$h0910
=CAT  \\$a12654$b40$c20180201$lBLL01$h0829
=CAT  \\$a12654$b40$c20180201$lBLL01$h0833
=CAT  \\$a12654$b40$c20180201$lBLL01$h0835
=CAT  \\$aBLDSS-3PM$b00$c20180208$lBLL01$h1048
=CAT  \\$aBATCH-UPD$b00$c20180208$lBLL01$h1050
=CAT  \\$a5110$b40$c20180409$lBLL01$h1144
=CAT  \\$a12654$b40$c20190828$lBLL01$h0834
=CAT  \\$a5552$b40$c20210622$lBLL01$h1246
=CAT  \\$aBATCH-UPD$b40$c20221121$lBLL01$h1332
=CAT  \\$aIPL-CLA$c20221231$lBLL01$h1454
=CAT  \\$a10983$b40$c20230114$lBLL01$h1024
=CAT  \\$a11313$b40$c20230801$lBLL01$h1051
=CFI  0\$aCurrent copyright fee: GBP34.95$c16\0$e01-jan-2023$fGBP34.95$g0$hP$5Uk
=CFI  2\$aPrevious copyright fee: GBP24.00$c16\0$e01-feb-2018$fGBP24.00$g0$hP$5Uk
=FFP  \\$aY$bBLDSS-3PM
=FIN  \\$aY$d20180119
=LET  \0$aNature sustainability (Electronic)
=TOC  \\$aETOC
=UNO  \\$aY
=ACF  \\$aPrevious copyright fee: GBP30.73$c22\1$e31-jan-2018$fGBP30.73$g0$hP$5Uk
=LAS  \\$a11313$b40$c20230801$lBLL01$h1051

