=LDR  02715cas a2200709 i 4500
=001  018190636
=003  Uk
=005  20221231145422.0
=006  m\\\\\\\\d\|\\\\\\
=007  cr||||||||||||
=008  170126c20179999enkmr\p\o\\\\\0\\\a0eng\\
=FMT  \\$a  SE
=015  \\$aGBB854201$2bnb
=022  0\$a2157-846X$202
=037  \\$a???$bSpringer
=040  \\$aUk$beng$cUk$erda
=042  \\$aissnuk$aukblsr
=082  04$a610.2805$223
=210  0\$aNat. biomed. eng.
=222  \0$aNature biomedical engineering
=245  00$aNature biomedical engineering.
=264  \1$a[London] :$bMacmillan Publishers Ltd, part of Springer Nature,$c2017-
=310  \\$aMonthly
=336  \\$atext$2rdacontent
=337  \\$acomputer$2rdamedia
=338  \\$aonline resource$2rdacarrier
=362  0\$aVolume 1, issue 1 (January 2017)-
=500  \\$aTitle from table of contents page (publisher's Web site, viewed January 26 2017).
=588  \\$aLatest issue consulted: volume 2, issue 3 (March 2018); viewed March 19, 2018.
=540  \\$aCurrent copyright fee: GBP34.95$c16\0$5Uk
=650  \0$aBiomedical engineering$vPeriodicals.
=856  40$31850-9999$uhttp://www.nature.com/$xBLDSS
=859  \\$aELD$bejournal
=856  40$uhttp://www.nature.com/natbiomedeng/
=852  41$aBritish Library$bHMNTS$jELD Digital store$3Volume 1:Number 10(2017)-
=852  \\$aBritish Library$bDSC$j6045.150000$3See ESTAR for full holdings.
=945  \\$aNature biomedical engineering.
=959  \\$fCurrently received
=985  \\$aISSN transferred from US to UK, as publisher location changed before publication. ISSN UK, 26.01.2017.
=CAT  \\$a11313$b40$c20170126$lBLL01$h0845
=CAT  \\$a11313$b40$c20170126$lBLL01$h1059
=CAT  \\$a6790$b40$c20180115$lBLL01$h0918
=CAT  \\$a12654$b40$c20180130$lBLL01$h1344
=CAT  \\$a12654$b40$c20180130$lBLL01$h1441
=CAT  \\$aBLDSS-3PM$b00$c20180208$lBLL01$h1048
=CAT  \\$aBATCH-UPD$b00$c20180208$lBLL01$h1050
=CAT  \\$a11205$b40$c20180319$lBLL01$h1318
=CAT  \\$a12654$b40$c20191111$lBLL01$h0850
=CAT  \\$a5410$b40$c20200316$lBLL01$h1626
=CAT  \\$a5410$b40$c20200316$lBLL01$h1629
=CAT  \\$a5410$b40$c20200318$lBLL01$h1054
=CAT  \\$aBATCH-UPD$b40$c20221121$lBLL01$h1332
=CAT  \\$aIPL-CLA$c20221231$lBLL01$h1454
=CFI  0\$aCurrent copyright fee: GBP34.95$c16\0$e01-jan-2023$fGBP34.95$g0$hP$5Uk
=CFI  2\$aPrevious copyright fee: GBP24.00$c16\0$e30-jan-2018$fGBP24.00$g0$hP$5Uk
=FFP  \\$aY$bBLDSS-3PM
=FIN  \\$aY$d20170126
=LET  \0$aNature biomedical engineering (Electronic)
=MNI  \\$a2157-846X
=TOC  \\$aETOC
=UNO  \\$aY
=LAS  \\$aIPL-CLA$b00$c20221231$lBLL01$h1454

