=LDR  03116cas a2200757 i 4500
=001  018192825
=003  Uk
=005  20230208085450.0
=006  m\\\\\|\\d\|\\\\\\
=007  cr\|||||||||||
=008  170128c19849999pauqr\p\o\\\\\0\\\a0eng\\
=FMT  \\$a  SE
=022  0\$a2475-2797
=037  \\$aISSN_07488157$bPortico$nLippincott Williams & Wilkins
=040  \\$aUk$beng$cUk$erda
=042  \\$aukblsr
=082  04$a362.11068$223
=245  00$aFrontiers of health services management.
=264  \1$aAnn Arbor, Mich. :$bHealth Administration Press,$c[1984]-
=264  31$a[Philadelphia] :$bWolters Kluwer
=310  \\$aQuarterly
=336  \\$atext$2rdacontent
=337  \\$acomputer$2rdamedia
=338  \\$aonline resource$2rdacarrier
=362  1\$aPrint began with volume 1, number 1 (September 1984).
=540  \\$aCurrent copyright fee: GBP32.00$c20\0$5Uk
=550  \\$aPublished under a grant from: the W.K. Kellogg Foundation.
=588  \\$aDescription based on print version record.
=588  \\$aLatest issue consulted: volume 34, issue 1 (fall 2017); LWW Journals, viewed October 9, 2017.
=650  \0$aHealth services administration$vPeriodicals.
=690  7\$aSocial Welfare$2blcoll
=710  2\$aW.K. Kellogg Foundation.
=710  2\$aAmerican College of Healthcare Executives.$bFoundation.
=776  08$iAlso issued in print as:$tFrontiers of health services management$x0748-8157
=859  \\$aELD$bejournal
=856  \\$31850-9999$uhttp://journals.lww.com/pages/default.aspx$xBLDSS
=856  40$uhttp://journals.lww.com/frontiersonline/pages/currenttoc.aspx
=852  41$aBritish Library$bHMNTS$jELD Digital store$3Volume 31:Issue 3(2017)-
=852  \\$aBritish Library$bDSC$j4042.023000$3Volume 38:Issue 3(2022)-
=945  \\$aFrontiers of health services management.
=959  \\$fCurrently received
=979  \\$aBritish Library$bDSC$j4042.023000
=985  \\$aUS work record on ISSN Portal; key title not added.
=CAT  \\$a11433$b40$c20170128$lBLL01$h0813
=CAT  \\$a10983$b40$c20170406$lBLL01$h1428
=CAT  \\$a10983$b40$c20170406$lBLL01$h1508
=CAT  \\$a11205$b40$c20171009$lBLL01$h1146
=CAT  \\$a11205$b40$c20171009$lBLL01$h1204
=CAT  \\$aBATCH-SWP$c20171013$lBLL01$h2218
=CAT  \\$aW1711-1005$c20171206$lBLL01$h1830
=CAT  \\$a5552$b40$c20180622$lBLL01$h1212
=CAT  \\$aBLDSS-3PM$b00$c20180625$lBLL01$h1602
=CAT  \\$aBATCH-UPD$b00$c20180625$lBLL01$h1603
=CAT  \\$a12654$b40$c20210414$lBLL01$h0919
=CAT  \\$a5410$b40$c20220724$lBLL01$h1051
=CAT  \\$a5410$b40$c20220727$lBLL01$h1048
=CAT  \\$a8874$b40$c20230208$lBLL01$h0854
=CFI  0\$aCurrent copyright fee: GBP32.00$c20\0$e22-jun-2018$fGBP32.00$g0$hP$5Uk
=FFP  \\$aY$bBLDSS-3PM
=FIN  \\$aY$d20171009
=LET  \0$aFrontiers of health services management (Electronic)
=LKR  \\$aPAR$b008537391$lBLL01$nFrontiers of health services management (Print)$mFrontiers of health services management (Online)$r776
=MNI  \\$a0748-8157
=TOC  \\$aETOC
=UNO  \\$aY
=LAS  \\$a8874$b40$c20230208$lBLL01$h0854

