=LDR  02964cas a2200745 i 4500
=001  018335197
=003  Uk
=005  20230419113841.0
=006  m\\\\\\\\d\|\\\\\\
=007  cr||||||||||||
=008  170504c20189999enkmx\p\o\\\\\0\\\a0eng\\
=FMT  \\$a  SE
=015  \\$aGBB8J3887$2bnb
=022  0\$a2514-9350$202
=037  \\$aISSN_25149342$bPortico$nEmerald
=040  \\$aUk$beng$cUk$erda
=042  \\$aissnuk$aukblsr
=082  04$a020.5$223
=222  \0$aGlobal knowledge, memory and communication$b(Online)
=245  00$aGlobal knowledge, memory and communication.
=264  \1$a[Bingley] :$bEmerald Publishing Limited,$c2018-
=310  \\$aNine times a year
=336  \\$atext$2rdacontent
=337  \\$acomputer$2rdamedia
=338  \\$aonline resource$2rdacarrier
=362  0\$aVolume 67, issue 1/2 (2018)-
=500  \\$aTitle from journal homepage (Emerald Insight, viewed October 25, 2018).
=540  \\$aCurrent copyright fee: GBP30.00$c25\0$5Uk
=650  \0$aInformation science$vPeriodicals.
=650  \0$aElectronic information resources$vPeriodicals.
=650  \0$aLibraries$vPeriodicals.
=650  \0$aLibrary science$vPeriodicals.
=776  08$iAlso issued in print as:$tGlobal knowledge, memory and communication$x2514-9342
=780  00$tLibrary review (Glasgow, Scotland : Online)$x1758-793X
=856  40$31850-9999$uhttp://www.emeraldinsight.com/$xBLDSS
=859  \\$aELD$bejournal
=856  40$uhttp://www.emeraldgrouppublishing.com/products/journals/journals.htm?id=gkmc
=852  \\$aBritish Library$bDSC$j4195.447800$3Volume 67:Issue 1/2(2018)-
=852  41$aBritish Library$bHMNTS$jELD Digital store$3Volume 67:Issue 1/2(2018)-
=945  \\$aGlobal knowledge memory and communication.
=959  \\$fCurrently received
=CAT  \\$a11205$b40$c20170504$lBLL01$h1646
=CAT  \\$a14412$b40$c20171214$lBLL01$h1432
=CAT  \\$a10983$b40$c20180116$lBLL01$h0925
=CAT  \\$a10983$b40$c20180130$lBLL01$h0753
=CAT  \\$a5997$b40$c20180515$lBLL01$h0811
=CAT  \\$a10973$b40$c20180517$lBLL01$h1219
=CAT  \\$a5552$b40$c20180917$lBLL01$h1447
=CAT  \\$aBLDSS-3PM$b00$c20180928$lBLL01$h0855
=CAT  \\$aBATCH-UPD$b00$c20180928$lBLL01$h0856
=CAT  \\$a10806$b40$c20181025$lBLL01$h0857
=CAT  \\$a10806$b40$c20181025$lBLL01$h0907
=CAT  \\$a8055$b40$c20190206$lBLL01$h1315
=CAT  \\$a12654$b40$c20190410$lBLL01$h1125
=CAT  \\$a8055$b40$c20201020$lBLL01$h1308
=CAT  \\$a8055$b40$c20230419$lBLL01$h1138
=CFI  0\$aCurrent copyright fee: GBP30.00$c25\0$e17-sep-2018$fGBP30.00$g0$hP$5Uk
=FFP  \\$aY$bBLDSS-3PM
=FIN  \\$aY$d20180515
=LET  \0$aGlobal knowledge, memory and communication (Electronic)
=LKR  \\$aPAR$b012434291$lBLL01$r78000$mGlobal knowledge, memory and communication (Online)$nLibrary review (Bingley. Online)
=MNI  \\$a2514-9342
=TOC  \\$aETOC
=UNO  \\$aY
=LAS  \\$a8055$b40$c20230419$lBLL01$h1138

