=LDR  04904cas a2201081 i 4500
=001  016523526
=003  Uk
=005  20230416114929.0
=006  m\\\\\|\\d\|\\\\\\
=007  cr\|||||||||||
=008  131018c19989999enkbr\p\\\\\\\0\\\a0eng\\
=FMT  \\$a  SE
=015  \\$aGBB673904$2bnb
=022  \\$a2295-3337$202
=037  \\$aISSN_17843286$bPortico$nManey Publishing
=037  3\$aISSN_17843286_21$bPortico$nTaylor & Francis
=040  \\$aUk$beng$cUk$erda
=042  \\$aissnuk$aukblsr
=082  04$a616.005$223
=130  0\$aActa clinica belgica.$lEnglish.
=222  \0$aActa clinica belgica$b(English ed. Online)
=245  10$aActa clinica belgica :$binternational journal of clinical and laboratory medicine.
=264  \1$aGent :$bUniversity Hospital Gent
=264  21$aLeeds :$bManey
=264  31$a[Abingdon] :$bTaylor & Francis
=310  \\$aBimonthly
=336  \\$atext$2rdacontent
=337  \\$acomputer$2rdamedia
=338  \\$aonline resource$2rdacarrier
=362  1\$aBegan in 1998.
=500  \\$aIssues 1998-2013 published: University Hospital Gent, Belgium.
=550  \\$a"Journal of the Belgian Society of Internal Medicine, the Belgian Society for Clinical Biology and the Royal Belgian Society of Clinical Chemistry."
=588  \\$aDescription based on print version record.
=588  \\$aLatest issue consulted: volume 71, issue 2 (2016) (Taylor & Francis Online, viewed June 2, 2016).
=540  \\$aCurrent copyright fee: GBP46.00$c2\0$5Uk
=650  \0$aClinical medicine$vPeriodicals.
=650  \0$aDiagnosis, Laboratory$vPeriodicals.
=710  2\$aSociété Belge de Médécine Interne.
=710  2\$aSociété Belge de Biologie Clinique.
=710  2\$aSociété belge de chimie clinique.
=776  08$iAlso issued in print as:$aActa clinica belgica. English$x1784-3286
=856  40$31850-9999$uhttp://www.maneyonline.com/$xBLDSS
=859  \\$aELD$bejournal
=856  40$uhttp://www.maneyonline.com/loi/acb
=856  40$uhttp://www.tandfonline.com/toc/yacb20/current
=852  \\$aBritish Library$bDSC$j0611.650000$3Volume 70:Issue 5(2015)-Volume 72:Issue 6(2017)***See ESTAR for full holdings.
=852  41$aBritish Library$bHMNTS$jELD Digital store$3Volume 69:Issue 1(2014)-
=945  \\$aActa clinica belgica
=959  \\$fHeld but not currently received
=979  \\$aBritish Library$bDSC$j0611.650000
=985  \\$aISSN responsibility taken by ISSN UK from ISSN Belgium, March 10 2014.
=CAT  \\$a8478$b40$c20131018$lBLL01$h1456
=CAT  \\$a12654$b40$c20160223$lBLL01$h0849
=CAT  \\$aBATCH-UPD$b40$c20160413$lBLL01$h1827
=CAT  \\$a11433$b40$c20160415$lBLL01$h1146
=CAT  \\$a11433$b40$c20160415$lBLL01$h1147
=CAT  \\$aBATCH-UPD$b40$c20160522$lBLL01$h2353
=CAT  \\$a10806$b40$c20160602$lBLL01$h0941
=CAT  \\$a10806$b40$c20160602$lBLL01$h0942
=CAT  \\$a10806$b40$c20160602$lBLL01$h0943
=CAT  \\$aBATCH-UPD$b40$c20161122$lBLL01$h1501
=CAT  \\$aIPL-CLA$c20161231$lBLL01$h0014
=CAT  \\$aBATCH-UPD$b00$c20171121$lBLL01$h1640
=CAT  \\$aW1711-1005$c20171206$lBLL01$h1825
=CAT  \\$aIPL-CLA$c20171231$lBLL01$h1821
=CAT  \\$aBATCH-UPD$b00$c20181217$lBLL01$h1648
=CAT  \\$aIPL-CLA$c20181231$lBLL01$h1553
=CAT  \\$aW1811-111$c20190203$lBLL01$h0956
=CAT  \\$aBATCH-UPD$b00$c20191122$lBLL01$h1910
=CAT  \\$aIPL-CLA$c20191231$lBLL01$h2036
=CAT  \\$aBATCH-UPD$b00$c20201118$lBLL01$h1345
=CAT  \\$aIPL-CLA$c20201231$lBLL01$h1532
=CAT  \\$a5410$b40$c20221112$lBLL01$h1615
=CAT  \\$a5410$b40$c20221121$lBLL01$h0936
=CAT  \\$aBATCH-UPD$b40$c20221121$lBLL01$h1335
=CAT  \\$aIPL-CLA$c20221231$lBLL01$h1452
=CAT  \\$a5410$b40$c20230416$lBLL01$h1149
=CFI  0\$aCurrent copyright fee: GBP46.00$c2\0$e01-jan-2023$fGBP46.00$g0$hP$5Uk
=CFI  2\$aPrevious copyright fee: GBP44.00$c2\0$e01-jan-2021$fGBP44.00$g0$hP$5Uk
=FFP  \\$aY$bBLDSS-3PM
=FIN  \\$aY$d20140307
=LKR  \\$aPAR$b016636953$lBLL01$r776$mActa clinica belgica (English ed. Online)$nActa clinica belgica (English ed. Printed)
=MNI  \\$a1784-3286
=TOC  \\$aETOC
=ACF  \\$aPrevious Copyright Fee: GBP22.00$c0$e01-apr-2014$fGBP22.00$g0$hC$5Uk
=ACF  \\$aCurrent copyright fee: GBP34.00$c47\0$e01-jan-2016$fGBP34.00$g0$hP$5Uk
=ACF  \\$aPrevious copyright fee: GBP30.00$c47\0$e15-jan-2015$fGBP30.00$g0$hP$5Uk
=ACF  \\$aPrevious copyright fee: GBP34.00$c2\0$e23-feb-2016$fGBP34.00$g0$hP$5Uk
=ACF  \\$aPrevious copyright fee: GBP36.00$c2\0$e01-jan-2017$fGBP36.00$g0$hP$5Uk
=ACF  \\$aPrevious copyright fee: GBP38.00$c2\0$e01-jan-2018$fGBP38.00$g0$hP$5Uk
=ACF  \\$aPrevious copyright fee: GBP40.00$c2\0$e01-jan-2019$fGBP40.00$g0$hP$5Uk
=ACF  \\$aPrevious copyright fee: GBP42.00$c2\0$e01-jan-2020$fGBP42.00$g0$hP$5Uk
=LAS  \\$a5410$b40$c20230416$lBLL01$h1149

