=LDR  04323cas a2201009 i 4500
=001  016523530
=003  Uk
=005  20230930081034.0
=006  m\\\\\|\\d\|\\\\\\
=007  cr\|||||||||||
=008  131018c19859999enkbr\p\\\\\\\0\\\a0eng\\
=FMT  \\$a  SE
=015  \\$aGBB673912$2bnb
=022  \\$a2151-0903
=037  \\$aISSN_08869634$bPortico$nManey Publishing
=037  3\$aISSN_08869634_21$bPortico$nTaylor & Francis
=040  \\$aUk$beng$cUk$erda
=042  \\$aukblsr
=082  04$a617.51$223
=222  \0$aCranio$b(Online)
=245  00$aCranio :$bthe journal of craniomandibular & sleep practice.
=264  \1$aLeeds :$bManey
=264  31$a[Abingdon?] :$bTaylor & Francis
=310  \\$aBimonthly
=336  \\$atext$2rdacontent
=337  \\$acomputer$2rdamedia
=338  \\$aonline resource$2rdacarrier
=362  0\$aVol. 3, no. 1 (Dec. 1984/Feb. 1985)-
=500  \\$aTitle from journal homepage (Taylor & Francis Online, viewed June 2, 2016).
=588  \\$aLatest issue consulted: volume 34, issue 3 (2016).
=580  \\$aIncludes issues of earlier title: Journal of cranio-mandibular practice.
=540  \\$aCurrent copyright fee: GBP46.00$c2\0$5Uk
=650  \2$aTemporomandibular joint disorders$xperiodicals.
=650  \0$aTemporomandibular joint$xDiseases$xPeriodicals.
=776  08$iAlso issued in print as:$tCranio$x0886-9634
=780  00$tJournal of cranio-mandibular practice
=856  40$31850-9999$uhttp://www.maneyonline.com$xBLDSS
=856  40$uhttp://www.tandfonline.com/toc/ycra20/current
=859  \\$aELD$bejournal
=852  \\$aBritish Library$bDSC$j3487.046400$3Volume 33:Issue 3(2015)-Volume 35:Issue 6(2017)***See ESTAR for full holdings.
=852  41$aBritish Library$bHMNTS$jELD Digital store$3Volume 32:Issue 1(2014)-
=945  \\$aCRANIO -CHATTANOOGA TN-.
=959  \\$fHeld but not currently received
=979  \\$aBritish Library$bDSC$j3487.046400
=CAT  \\$a8478$b40$c20131018$lBLL01$h1509
=CAT  \\$aBATCH-UPD$b40$c20160413$lBLL01$h1827
=CAT  \\$a11433$b40$c20160415$lBLL01$h1426
=CAT  \\$aBATCH-UPD$b40$c20160526$lBLL01$h0705
=CAT  \\$a10806$b40$c20160602$lBLL01$h1115
=CAT  \\$a10806$b40$c20160602$lBLL01$h1118
=CAT  \\$aBATCH-UPD$b40$c20161122$lBLL01$h1544
=CAT  \\$aIPL-CLA$c20161231$lBLL01$h0014
=CAT  \\$aW1711-1005$c20171206$lBLL01$h1825
=CAT  \\$a5552$b40$c20190115$lBLL01$h1137
=CAT  \\$aW1811-111$c20190203$lBLL01$h0956
=CAT  \\$a5410$b40$c20190814$lBLL01$h0846
=CAT  \\$a5410$b40$c20190814$lBLL01$h0859
=CAT  \\$a5410$b40$c20190814$lBLL01$h0900
=CAT  \\$a5410$b40$c20190829$lBLL01$h1542
=CAT  \\$a5410$b40$c20190909$lBLL01$h1010
=CAT  \\$aBATCH-UPD$b40$c20191122$lBLL01$h1919
=CAT  \\$aIPL-CLA$c20191231$lBLL01$h2036
=CAT  \\$aBATCH-UPD$b00$c20201118$lBLL01$h1353
=CAT  \\$aIPL-CLA$c20201231$lBLL01$h1532
=CAT  \\$a5410$b40$c20221029$lBLL01$h1159
=CAT  \\$aBATCH-UPD$b40$c20221121$lBLL01$h1428
=CAT  \\$aIPL-CLA$c20221231$lBLL01$h1452
=CAT  \\$a5410$b40$c20230430$lBLL01$h1217
=CAT  \\$aR2308-1440$c20230824$lBLL01$h0930
=CAT  \\$aIPL-CLA$c20230930$lBLL01$h0810
=CFI  0\$aCurrent copyright fee: GBP46.00$c2\0$e01-oct-2023$fGBP46.00$g0$hP$5Uk
=CFI  2\$aPrevious copyright fee: GBP46.00$c47\0$e01-jan-2023$fGBP46.00$g0$hP$5Uk
=FFP  \\$aY$bBLDSS-3PM
=FIN  \\$aY$d20160602
=LET  \0$aCranio (Electronic)
=LKR  \\$aPAR$b007157071$lBLL01$r776$mCranio (Online)$nCranio
=MNI  \\$a0886-9634
=TOC  \\$aETOC
=ACF  \\$aPrevious Copyright Fee: GBP22.00$c0$e01-apr-2014$fGBP22.00$g0$hC$5Uk
=ACF  \\$aPrevious Copyright Fee: GBP9.38$c0$e01-jan-2014$fGBP9.38$g0$hC$5Uk
=ACF  \\$aPrevious Copyright Fee: GBP30.00$c47\0$e01-may-2015$fGBP30.00$g0$hP$5Uk
=ACF  \\$aPrevious copyright fee: GBP36.00$c47\0$e01-jan-2017$fGBP36.00$g0$hP$5Uk
=ACF  \\$aPrevious copyright fee: GBP34.00$c47\0$e01-jan-2016$fGBP34.00$g0$hP$5Uk
=ACF  \\$aPrevious copyright fee: GBP40.00$c47\0$e15-jan-2019$fGBP40.00$g0$hP$5Uk
=ACF  \\$aPrevious copyright fee: GBP42.00$c47\0$e01-jan-2020$fGBP42.00$g0$hP$5Uk
=ACF  \\$aPrevious copyright fee: GBP44.00$c47\0$e01-jan-2021$fGBP44.00$g0$hP$5Uk
=LAS  \\$aIPL-CLA$b00$c20230930$lBLL01$h0810

