=LDR  04218cas a2201045 i 4500
=001  016545651
=003  Uk
=005  20230416115512.0
=006  m\\\\\o\\d\\\\\\\\
=007  cr\|||||||||||
=008  130724c20149999njubr\p\o\\\\\0\\\a0eng\\
=FMT  \\$a  SE
=010  \\$a  2013203398
=015  \\$aGBB746346$2bnb
=016  7\$a101630279$2DNLM
=022  \\$a2330-1619
=035  \\$a(OCoLC)853605824
=037  \\$aISSN_23301619$bPortico$nWiley
=040  \\$aDLC$beng$cDLC$dDLC$dNLM$dOCLCQ$dOCLCO$dUAB$dOCLCO$dOCLCF$dUk$erda$epn
=042  \\$ansdp$apcc$aukblsr
=050  10$aISSN RECORD
=060  00$aW1
=082  00$a616$223
=210  10$aMov Disord Clin Pract$2dnlm
=210  0\$aMov. disord. clin. pract.
=222  \0$aMovement disorders clinical practice
=245  00$aMovement disorders clinical practice.
=246  1\$aMDCP
=264  \1$aHoboken, NJ :$bWiley,$c[2014]-
=300  \\$a1 online resource
=310  \\$aBimonthly,$b2016-
=321  \\$aQuarterly,$b2014-2015
=336  \\$atext$2rdacontent
=337  \\$acomputer$2rdamedia
=338  \\$aonline resource$2rdacarrier
=362  0\$aVolume 1, issue 1 (April 2014)-
=590  \\$aRoute FAILED DSC EXTENDED searches to Records Team
=515  \\$aNumbering from content page.
=550  \\$aOfficial journal of the International Parkinson and Movement Disorder Society.
=588  \\$aDescription based on: Volume 1, issue 1 (April 2014); title from PDF cover (Wiley Online Library website, viewed Sept. 10, 2014).
=588  \\$aLatest issue consulted: Volume 2, issue 3 (September 2015) (viewed Oct. 15, 2015).
=540  \\$aCurrent Copyright Fee: GBP32.00$c35\0$5Uk
=650  12$aMovement Disorders.
=650  \0$aMovement disorders$vPeriodicals.
=650  \7$aMovement disorders.$2fast$0(OCoLC)fst01028493
=655  \2$aPeriodicals.
=655  \7$aPeriodicals.$2fast$0(OCoLC)fst01411641
=710  2\$aInternational Parkinson and Movement Disorder Society,$eissuing body.
=787  0\$tMovement disorders$x0885-3185
=859  \\$aELD$bejournal
=856  \\$31850-9999$uhttp://onlinelibrary.wiley.com/$xBLDSS
=856  40$uhttp://onlinelibrary.wiley.com/journal/10.1002/%28ISSN%292330-1619
=852  \\$aBritish Library$bDSC$j5980.317300$3Volume 3:Issue 1(2016)-Volume 5:Issue 1(2018)***See ESTAR for full holdings.
=852  41$aBritish Library$bHMNTS$jELD Digital store$3Volume 1:Issue 1(2014)-
=945  \\$aMovement disorders clinical practice
=959  \\$fHeld but not currently received
=979  \\$aBritish Library$bDSC$j5980.317300
=CAT  \\$a5552$b40$c20131118$lBLL01$h1126
=CAT  \\$a14112$b40$c20131220$lBLL01$h1129
=CAT  \\$aIPL-CLA$c20140101$lBLL01$h0216
=CAT  \\$a14112$b40$c20140131$lBLL01$h1551
=CAT  \\$a8456$b40$c20140808$lBLL01$h1227
=CAT  \\$aBLDSS-3PM$b00$c20141214$lBLL01$h1527
=CAT  \\$aBATCH-UPD$b00$c20150215$lBLL01$h1707
=CAT  \\$aIPL-CLA$c20150228$lBLL01$h2058
=CAT  \\$a12654$b40$c20160212$lBLL01$h0922
=CAT  \\$aBATCH-UPD$b40$c20160413$lBLL01$h1827
=CAT  \\$aBATCH-UPD$b40$c20160519$lBLL01$h1224
=CAT  \\$a10806$b40$c20170316$lBLL01$h0923
=CAT  \\$a10806$b40$c20170316$lBLL01$h1102
=CAT  \\$a10806$b40$c20170316$lBLL01$h1119
=CAT  \\$aW1711-1005$c20171206$lBLL01$h1826
=CAT  \\$aBATCH-UPD$b00$c20180219$lBLL01$h1756
=CAT  \\$aW1805-0471$c20180520$lBLL01$h1140
=CAT  \\$aBATCH-UPD$b00$c20181121$lBLL01$h1626
=CAT  \\$aIPL-CLA$c20181231$lBLL01$h1553
=CAT  \\$aR1911-0245$c20191127$lBLL01$h0823
=CAT  \\$aR1911-0245$c20191127$lBLL01$h1045
=CAT  \\$aIPL-CLA$c20191231$lBLL01$h2036
=CAT  \\$a5410$b40$c20230416$lBLL01$h1155
=CFI  0\$aCurrent Copyright Fee: GBP32.00$c35\0$e01-jan-2020$fGBP32.00$g0$hP$5Uk
=CFI  2\$aPrevious copyright fee: GBP28.00$c35\0$e01-jan-2019$fGBP28.00$g0$hP$5Uk
=FFP  \\$aY$bBLDSS-3PM
=FIN  \\$aY$d20170316
=SID  \\$aZ39$bOCLC
=TOC  \\$aETOC
=UNO  \\$aY
=ACF  \\$aPrevious copyright fee: GBP22.00$c35\0$e01-jan-2014$fGBP22.00$g0$hP$5Uk
=ACF  \\$aPrevious copyright fee: GBP24.00$c35\0$e01-mar-2015$fGBP24.00$g0$hP$5Uk
=LAS  \\$a5410$b40$c20230416$lBLL01$h1155

