=LDR  05869cas a2201273 a 4500
=001  016552531
=003  Uk
=005  20230511163055.0
=006  m\\\\\|\\d\|\\\\\\
=007  cr\|||||||||||
=008  131127c19929999mdubr\p\o\\\\\0\\\a0eng\\
=FMT  \\$a  SE
=010  \\$a  2005212289
=015  \\$aGBB3A7961$2bnb
=022  \\$a1555-824X$l1062-8606$y1062-8606
=035  \\$a(OCoLC)59822929
=037  \\$aAJM$bSage (UK) Ltd
=037  3\$aISSN_1555824X_74$bPortico$nLippincott Williams & Wilkins
=040  \\$aNSDP$beng$cNSDP$dOCoLC$dCaQMUQ$dHkU$dOKentU$dOCoLC$dDNAL$dUk
=042  \\$aukblsr
=050  14$aRA399.A3$bQ34
=070  0\$aRA399.A3$bA44
=082  04$a362.1$223
=130  0\$aAmerican journal of medical quality (Online)
=222  \0$aAmerican journal of medical quality$b(Online)
=245  10$aAmerican journal of medical quality$h[electronic resource].
=246  30$aAJMQ
=264  \1$a[Baltimore] :$b[Williams & Wilkins],$c[1992]-
=264  21$a[Thousand Oaks] :$bSAGE Publications
=264  31$a[Hagerstown, Maryland] :$bWolters Kluwer Health, Inc.
=310  \\$aBimonthly,$b1999-
=321  \\$aQuarterly,$b1992-1998
=336  \\$atext$2rdacontent
=337  \\$acomputer$2rdamedia
=338  \\$aonline resource$2rdacarrier
=362  1\$aPrint began with vol. 7, no. 3 (fall 1992).
=550  \\$aOfficial journal of the American College of Medical Quality.
=580  \\$aIncludes issues of earlier title: Quality assurance and utilization review.
=588  \\$aDescription based on: Vol. 20, no. 1 (Jan./Feb. 2005); title from HTML journal home page (viewed Apr. 29, 2005).
=588  \\$aLatest issue consulted: volume 36, issue 4 (July/August 2021); publisher's website, viewed August 5, 2021.
=540  \\$aCurrent copyright fee: GBP32.00$c20\0$5Uk
=650  \0$aMedical care$xQuality control$vPeriodicals.
=650  \0$aMedical care$xEvaluation$vPeriodicals.
=650  \0$aMedical care$xUtilization review$vPeriodicals.
=650  \0$aMedical care$zUnited States$vPeriodicals.
=690  7\$aSocial Welfare$2blcoll
=710  2\$aAmerican College of Medical Quality.
=710  2\$aThomas Jefferson University.
=776  08$iAlso issued in print as:$tAmerican journal of medical quality$x1062-8606
=780  10$tQuality assurance and utilization review
=859  \\$aELD$bejournal
=856  \\$31850-9999$uhttp://journals.lww.com/pages/default.aspx$xBLDSS
=856  40$uhttp://ajm.sagepub.com/
=856  40$uhttp://journals.sagepub.com/loi/ajm
=856  40$uhttps://journals.lww.com/ajmqonline/pages/default.aspx
=852  \\$aBritish Library$bDSC$j0827.990000
=852  41$aBritish Library$bHMNTS$jELD Digital store$3Volume 29:Number 2(2014:Mar./Apr.)-***Previous issues available in print copy
=945  \\$aAmerican journal of medical quality.
=985  \\$aISSN responsibility transferred from US ISSN Center to ISSN UK Centre, SAGE, Multinational Publisher List, Spring 2017.
=985  \\$aISSN responsibility transferred from UK to US, 5/8/21.
=CAT  \\$a8323$b40$c20131127$lBLL01$h1119
=CAT  \\$aBATCH-UPD$b00$c20180823$lBLL01$h1856
=CAT  \\$aIPL-CLA$c20180930$lBLL01$h1516
=CAT  \\$aBATCH-UPD$b00$c20190521$lBLL01$h1343
=CAT  \\$aIPL-CLA$c20190630$lBLL01$h1547
=CAT  \\$aBATCH-UPD$b00$c20190829$lBLL01$h1425
=CAT  \\$aIPL-CLA$c20190930$lBLL01$h1652
=CAT  \\$aBATCH-UPD$b00$c20200219$lBLL01$h1416
=CAT  \\$aIPL-CLA$c20200331$lBLL01$h1630
=CAT  \\$aBATCH-UPD$b00$c20200522$lBLL01$h1409
=CAT  \\$aIPL-CLA$c20200701$lBLL01$h0115
=CAT  \\$a5552$b40$c20201215$lBLL01$h1202
=CAT  \\$aIPL-CLA$c20201231$lBLL01$h1532
=CAT  \\$aDEL-3PM$c20210112$lBLL01$h1250
=CAT  \\$a12654$b40$c20210308$lBLL01$h1256
=CAT  \\$a12654$b40$c20210311$lBLL01$h0931
=CAT  \\$a12654$b40$c20210423$lBLL01$h0751
=CAT  \\$aBLDSS-3PM$b00$c20210426$lBLL01$h1240
=CAT  \\$aBATCH-UPD$b00$c20210426$lBLL01$h1252
=CAT  \\$a11205$b40$c20210805$lBLL01$h1119
=CAT  \\$a11205$b40$c20210805$lBLL01$h1121
=CAT  \\$a10806$b40$c20210809$lBLL01$h1016
=CAT  \\$a10806$b40$c20210812$lBLL01$h0724
=CAT  \\$a9658$b40$c20221214$lBLL01$h1258
=CAT  \\$a14586$b40$c20230217$lBLL01$h1034
=CAT  \\$aBATCH-FIX$c20230511$lBLL01$h1630
=CFI  0\$aCurrent copyright fee: GBP32.00$c20\0$e23-apr-2021$fGBP32.00$g0$hP$5Uk
=CFI  2\$aBritish Library not licensed to copy$c0$e11-mar-2021$hC$iTX$5Uk
=FFP  \\$aY$bBLDSS-3PM
=FIN  \\$aY$d20131127
=LET  \0$aAmerican journal of medical quality (Electronic)
=MNI  \\$a1062-8606
=SRC  \\$aBLL02
=TOC  \\$aETOC
=UNO  \\$aY
=ACF  \\$aPrevious copyright fee: GBP32.00$c0$e08-mar-2021$fGBP32.00$g0$hP$5Uk
=ACF  \\$aPrevious copyright fee: GBP22.50$c0$e01-jan-2021$fGBP22.50$g0$hA$5Uk
=ACF  \\$aPrevious copyright fee: GBP34.86$c103\0$e01-jul-2020$fGBP34.86$g0$hP$5Uk
=ACF  \\$aPrevious Copyright Fee: GBP18.75$c0$e01-apr-2014$fGBP18.75$g0$hC$5Uk
=ACF  \\$aPrevious Copyright Fee: GBP18.18$c0$e01-jul-2014$fGBP18.18$g0$hC$5Uk
=ACF  \\$aPrevious Copyright Fee: GBP19.35$c0$e01-oct-2015$fGBP19.35$g0$hC$5Uk
=ACF  \\$aPrevious Copyright Fee: GBP20.00$c0$e01-apr-2015$fGBP20.00$g0$hC$5Uk
=ACF  \\$aPrevious copyright fee: GBP30.77$c103\0$e15-feb-2018$fGBP30.77$g0$hP$5Uk
=ACF  \\$aPrevious copyright fee: GBP28.57$c103\0$e01-apr-2018$fGBP28.57$g0$hP$5Uk
=ACF  \\$aPrevious copyright fee: GBP30.77$c103\0$e01-oct-2018$fGBP30.77$g0$hP$5Uk
=ACF  \\$aPrevious copyright fee: GBP32.31$c103\0$e01-jul-2019$fGBP32.31$g0$hP$5Uk
=ACF  \\$aPrevious copyright fee: GBP33.60$c103\0$e01-oct-2019$fGBP33.60$g0$hP$5Uk
=ACF  \\$aPrevious copyright fee: GBP33.52$c103\0$e01-apr-2020$fGBP33.52$g0$hP$5Uk
=LAS  \\$aBATCH-FIX$b00$c20230511$lBLL01$h1630

