=LDR  03548cas a2200865 i 4500
=001  016710845
=003  Uk
=005  20201106121352.0
=006  m\\\\\\\\d\|\\\\\\
=007  cr||||||||||||
=008  140508c20169999enkbr\p\o\\\\\0\\\a0eng\\
=FMT  \\$a  SE
=015  \\$aGBB6B8414$2bnb
=022  0\$a2055-6764$202
=037  \\$aISSN_20556756$bPortico$nRoyal Society of Chemistry
=040  \\$aUk$beng$cUk$erda
=042  \\$aissnuk$aukblsr
=082  04$a620.505$223
=210  0\$aNanoscale horiz.$b(Online)
=222  \0$aNanoscale horizons$b(Online)
=245  00$aNanoscale horizons.
=264  \1$aCambridge :$bRoyal Society of Chemistry,$c2016-
=300  \\$billustrations (black and white, and colour)
=310  \\$aBimonthly
=336  \\$atext$2rdacontent
=337  \\$acomputer$2rdamedia
=338  \\$aonline resource$2rdacarrier
=362  0\$aVolume 1, number 1 (January 2016)-
=500  \\$a"The home for rapid reports of exceptional significance in nanoscience and nanotechnology."
=500  \\$aTitle from PDF cover (RSC Publishing website, viewed March 14, 2016).
=550  \\$aPublished in collaboration with the National Centre for Nanoscience and Technology, Beijing, China.
=588  \\$aLatest issue consulted: volume 1, number 5 (September 2016) (publisher's Web site, viewed August 24, 2016).
=540  \\$aCurrent copyright fee: GBP46.75$c6\1$5Uk
=650  \0$aNanoscience$vPeriodicals.
=650  \0$aNanotechnology$vPeriodicals.
=710  2\$aRoyal Society of Chemistry (Great Britain),$eissuing body.
=710  2\$aGuo jia na mi ke xue zhong xin (China),$eissuing body.
=776  08$iAlso issued in print as:$tNanoscale horizons$x2055-6756
=859  \\$aELD$bejournal
=856  \\$31850-9999$uhttp://www.rsc.org/$xBLDSS
=856  40$uhttp://pubs.rsc.org/en/journals/journalissues/nh#!recentarticles&adv
=852  \\$aBritish Library$bDSC$j9829.980000$3Volume 1:Issue 1(2016)-
=852  41$aBritish Library$bHMNTS$jELD Digital store$3Volume 1:Issue 1(2016)-
=945  \\$aNanoscale horizons
=959  \\$fCurrently received
=CAT  \\$a11315$b40$c20140508$lBLL01$h1154
=CAT  \\$a10806$b40$c20151006$lBLL01$h1543
=CAT  \\$a10806$b40$c20151006$lBLL01$h1549
=CAT  \\$a10806$b40$c20151006$lBLL01$h1550
=CAT  \\$a10806$b40$c20160314$lBLL01$h1430
=CAT  \\$a10806$b40$c20160314$lBLL01$h1433
=CAT  \\$a10806$b40$c20160314$lBLL01$h1437
=CAT  \\$a10806$b40$c20160329$lBLL01$h1540
=CAT  \\$a10983$b40$c20160823$lBLL01$h1612
=CAT  \\$a3072$b40$c20160824$lBLL01$h1538
=CAT  \\$a3072$b40$c20160824$lBLL01$h1653
=CAT  \\$a12654$b40$c20160909$lBLL01$h1226
=CAT  \\$a12654$b40$c20160909$lBLL01$h1259
=CAT  \\$aBATCH-UPD$b40$c20160913$lBLL01$h2110
=CAT  \\$aBLDSS-3PM$b00$c20160915$lBLL01$h1525
=CAT  \\$aBATCH-UPD$b00$c20160915$lBLL01$h1526
=CAT  \\$a5410$b40$c20161229$lBLL01$h1328
=CAT  \\$aW1711-1005$c20171206$lBLL01$h1827
=CAT  \\$a5552$b40$c20190221$lBLL01$h1340
=CAT  \\$a8055$b40$c20201106$lBLL01$h1213
=CFI  0\$aCurrent copyright fee: GBP46.75$c6\1$e01-jan-2017$fGBP46.75$g0$hP$5Uk
=CFI  2\$aPrevious copyright fee: zero$c6\1$e09-sep-2016$fGBP0.00$g0$hP$5Uk
=FFP  \\$aY$bBLDSS-3PM
=FIN  \\$aY$d20160314
=LET  \0$aNanoscale horizons (Electronic)
=LKR  \\$aPAR$b016710844$lBLL01$r776$mNanoscale horizons (Online)$nNanoscale horizons (Print)
=MNI  \\$a2055-6756
=TOC  \\$aETOC
=UNO  \\$aY
=LAS  \\$a8055$b40$c20201106$lBLL01$h1213

