=LDR  03716cas a2200877 i 4500
=001  016711152
=003  Uk
=005  20210421114428.0
=006  m\\\\\o\\d\\\\\\\\
=007  cr\|||||||||||
=008  140509c20149999pauqr\p\o\\\\\0\\\a0eng\\
=FMT  \\$a  SE
=010  \\$a  2013274037
=015  \\$aGBB575748$2bnb
=022  0\$a2332-0249
=035  \\$a(OCoLC)862237005
=037  \\$aISSN_23320249$bPortico$nLippincott Williams & Wilkins
=040  \\$aDLC$beng$cDLC$dPFM$dNLGGC$dUk$erda$epn
=042  \\$aukblsr
=050  10$aISSN RECORD
=082  04$a617.980231$223
=210  0\$aJ. pediatr. surg. nurs.
=222  \0$aJournal of pediatric surgical nursing
=245  00$aJournal of pediatric surgical nursing.
=264  \1$a[Philadelphia, Pa.] :$bWolters Kluwer Health Lippincott Williams & Wilkins,$c[2014]-
=336  \\$atext$2rdacontent
=337  \\$acomputer$2rdamedia
=338  \\$aonline resource$2rdacarrier
=362  1\$aBegan with Volume 3 (1) (January/March 2014).
=588  \\$aDescription based on: Volume 3 (1) (January/March 2014); title from journal home page (Ovid's website, viewed April 7, 2014).
=588  \\$aLatest issue consulted: Volume 3 (1) (January/March 2014) (viewed April 7, 2014).
=540  \\$aCurrent copyright fee: GBP32.00$c20\0$5Uk
=650  \0$aPediatric nursing$vPeriodicals.
=650  \0$aChildren$xSurgery$xNursing$vPeriodicals.
=710  2\$aAmerican Pediatric Surgical Nurses Association.
=856  \\$31850-9999$uhttp://journals.lww.com$xBLDSS
=856  40$uhttp://journals.lww.com/journalofpediatricsurgicalnursing/pages/default.aspx
=859  \\$aELD$bejournal
=852  41$aBritish Library$bHMNTS$jELD Digital store$3Volume 4:Issue 3(2015)-
=852  \\$aBritish Library$bDSC$j5030.281000$3Volume 10:Issue 1(2021)-
=945  \\$aJournal of pediatric surgical nursing
=959  \\$fCurrently received
=CAT  \\$a5552$b40$c20140509$lBLL01$h0838
=CAT  \\$aBATCH-UPD$b40$c20140527$lBLL01$h2037
=CAT  \\$aBATCH-CLA$c20140528$lBLL01$h1818
=CAT  \\$aIPL-CLA$c20140630$lBLL01$h1803
=CAT  \\$a8874$b40$c20140815$lBLL01$h1002
=CAT  \\$aBLDSS-3PM$b00$c20141116$lBLL01$h1732
=CAT  \\$aBATCH-UPD$b00$c20150219$lBLL01$h1729
=CAT  \\$aIPL-CLA$c20150331$lBLL01$h1728
=CAT  \\$aBATCH-UPD$b00$c20150520$lBLL01$h1739
=CAT  \\$a10876$b40$c20150528$lBLL01$h1133
=CAT  \\$a10806$b40$c20150611$lBLL01$h1136
=CAT  \\$aIPL-CLA$c20150630$lBLL01$h1722
=CAT  \\$aBATCH-UPD$b00$c20150820$lBLL01$h1825
=CAT  \\$aBATCH-UPD$b00$c20150820$lBLL01$h1943
=CAT  \\$aIPL-CLA$c20150930$lBLL01$h1852
=CAT  \\$aBATCH-UPD$b00$c20160217$lBLL01$h1713
=CAT  \\$aIPL-CLA$c20160331$lBLL01$h1816
=CAT  \\$aBATCH-UPD$b00$c20160413$lBLL01$h1828
=CAT  \\$aBATCH-UPD$b00$c20160524$lBLL01$h2200
=CAT  \\$aBATCH-UPD$b00$c20160524$lBLL01$h2307
=CAT  \\$aW1711-1005$c20171206$lBLL01$h1827
=CAT  \\$a12654$b40$c20210421$lBLL01$h1144
=CFI  0\$aCurrent copyright fee: GBP32.00$c20\0$e01-apr-2016$fGBP32.00$g0$hP$5Uk
=CFI  2\$aPrevious copyright fee: GBP30.32$c20\0$e01-oct-2015$fGBP30.32$g0$hP$5Uk
=FFP  \\$aY$bBLDSS-3PM
=FIN  \\$aY$d20150611
=LET  \0$aJournal of pediatric surgical nursing (Electronic)
=TOC  \\$aETOC
=UNO  \\$aY
=ACF  \\$aPrevious copyright fee: GBP29.38$c20\0$e09-may-2014$fGBP29.38$g0$hP$5Uk
=ACF  \\$aPrevious copyright fee: GBP28.48$c20\0$e01-jul-2014$fGBP28.48$g0$hP$5Uk
=ACF  \\$aPrevious copyright fee: GBP30.32$c20\0$e01-apr-2015$fGBP30.32$g0$hP$5Uk
=ACF  \\$aPrevious copyright fee: GBP31.33$c20\0$e01-jul-2015$fGBP31.33$g0$hP$5Uk
=LAS  \\$a12654$b40$c20210421$lBLL01$h1144

