=LDR  03224cas a2200781 i 4500
=001  016777006
=003  Uk
=005  20220120125715.0
=006  m\\\\\\\\d\|\\\\\\
=007  cr\|||||||||||
=008  140709c20159999enkqx\p\o\\\\\0\\\a0eng\\
=FMT  \\$a  SE
=015  \\$aGBB519869$2bnb
=022  0\$a2056-497X$y2056-4961$202
=037  \\$aISSN_20564961$bPortico$nEmerald
=040  \\$aUk$beng$cUk$erda
=042  \\$aissnuk$aukblsr
=082  04$a658.47$223
=222  \0$aInformation and computer security$b(Online)
=245  00$aInformation and computer security.
=246  3\$aInformation & computer security
=246  13$aICS
=264  \1$aBingley :$bEmerald Group Publishing Limited,$c2015-
=310  \\$aFive times a year
=336  \\$atext$2rdacontent
=337  \\$acomputer$2rdamedia
=338  \\$aonline resource$2rdacarrier
=362  0\$aVolume 23, issue 1 (2015)-
=500  \\$aTitle from table of contents (Emerald Insight, viewed February 13, 2015).
=540  \\$aCurrent copyright fee: GBP30.00$c25\0$5Uk
=650  \0$aComputer security$xManagement$vPeriodicals.
=650  \0$aComputer networks$xSecurity measures$vPeriodicals.
=650  \0$aData protection$xManagement$vPeriodicals.
=690  7\$aManagement and Business Studies$2blcoll
=776  08$iAlso issued in print as:$tInformation & computer security$x2056-4961
=780  00$tInformation management and computer security (Online)$x1758-5805
=859  \\$aELD$bejournal
=856  \\$31850-9999$uhttp://www.emeraldinsight.com/$xBLDSS
=856  40$uhttp://www.emeraldinsight.com/loi/ics
=852  \\$aBritish Library$bDSC$j4481.796000$3Volume 23:Issue 1(2015)-Volume 29:Issue 5(2021)
=852  41$aBritish Library$bHMNTS$jELD Digital store$3Volume 23:Number 1(2015)-***Previous issues available in print copy
=945  \\$aInformation and computer security.
=959  \\$fHeld but not currently received
=CAT  \\$a11313$b40$c20140709$lBLL01$h1155
=CAT  \\$a8478$b40$c20141020$lBLL01$h1426
=CAT  \\$a8478$b40$c20141020$lBLL01$h1430
=CAT  \\$a8478$b40$c20141020$lBLL01$h1431
=CAT  \\$a11316$b40$c20150213$lBLL01$h1406
=CAT  \\$aBATCH-MBS$c20150220$lBLL01$h2155
=CAT  \\$a11205$b40$c20150312$lBLL01$h0958
=CAT  \\$a10983$b40$c20150422$lBLL01$h1024
=CAT  \\$aBATCH-CLA$b00$c20150529$lBLL01$h1528
=CAT  \\$aIPL-CLA$c20150630$lBLL01$h1723
=CAT  \\$a5552$b40$c20170516$lBLL01$h0933
=CAT  \\$aBLDSS-3PM$b00$c20170523$lBLL01$h1847
=CAT  \\$aBATCH-UPD$b00$c20170523$lBLL01$h1847
=CAT  \\$aW1711-1005$c20171206$lBLL01$h1827
=CAT  \\$a8055$b40$c20201020$lBLL01$h1310
=CAT  \\$a12654$b40$c20220120$lBLL01$h1257
=CFI  0\$aCurrent copyright fee: GBP30.00$c25\0$e16-may-2017$fGBP30.00$g0$hP$5Uk
=CFI  2\$aBritish Library not licensed to copy$c0$e01-jul-2015$hC$iCFP Excluded$5Uk
=FFP  \\$aY$bBLDSS-3PM
=FIN  \\$aY$d20150213
=LET  \0$aInformation and computer security (Electronic)
=LKR  \\$aPAR$b012433366$lBLL01$nInformation management and computer security (Online)$mInformation and computer security (Online)$r78000
=MNI  \\$a2056-4961
=UNO  \\$aY
=LAS  \\$a12654$b40$c20220120$lBLL01$h1257

