=LDR  05227cas a2201117 i 4500
=001  016803539
=003  Uk
=005  20230930081053.0
=006  m\\\\\\\\d\|\\\\\\
=007  cr||||||||||||
=008  140730c19809999enkfr\p\o\\\\\0\\\a0eng\\
=FMT  \\$a  SE
=015  \\$aGBB516183$2bnb
=022  0\$a2056-6077$y1447-3828$202
=037  \\$aISSN_14473828$bPortico$nManey Publishing
=037  3\$aISSN_14473828_21$bPortico$nTaylor & Francis
=040  \\$aUk$beng$cUk$dUk$erda
=041  0\$aeng$bspa$bfre$bger
=042  \\$aissnuk$aukblsr
=082  04$a615.851505$223
=222  \0$aWFOT bulletin$b(Online)
=245  00$aWFOT bulletin.
=246  13$aWorld Federation of Occupational Therapists bulletin
=246  1\$iMinor title change:$aWorld Federation of Occupational Therapists bulletin,$f2015-
=264  \1$a[Edinburgh?] :$b[WFOT]
=264  31$32015-$a[London] :$bManey Publishing
=264  31$aAbingdon, UK :$bTaylor & Francis Group
=300  \\$billustrations (black and white), maps (black and white)
=310  \\$aSemiannual
=336  \\$atext$2rdacontent
=337  \\$acomputer$2rdamedia
=338  \\$aonline resource$2rdacarrier
=362  1\$aPrint began with: Vol. 1 (May 1980).
=500  \\$aPublished: Forrestfield, Western Australia, <2007>-2014.
=546  \\$aEnglish, Spanish, French, and German.
=550  \\$aPublished by Maney on behalf of the World Federation of Occupational Therapists (WFOT), 2015-
=588  \\$aDescription based on: volume 49 (May 2004); title from PDF article running title (publisher's Web site, viewed February 3, 2015).
=588  \\$aLatest issue consulted: volume 76, number 1 (2020) (Taylor & Francis Online, viewed 20th October 2020).
=540  \\$aCurrent copyright fee: GBP46.00$c2\0$5Uk
=610  20$aWorld Federation of Occupational Therapists$vPeriodicals.
=650  \0$aOccupational therapy$vPeriodicals.
=650  \0$aOccupational therapists$vPeriodicals.
=710  2\$aWorld Federation of Occupational Therapists,$eissuing body.
=776  08$iAlso issued in print as:$tWFOT bulletin$x1447-3828
=859  \\$aELD$bejournal
=856  \\$31850-9999$uhttp://maneypublishing.com/$xBLDSS
=856  40$uhttp://www.maneyonline.com/loi/otb
=856  40$uhttps://www.tandfonline.com/loi/yotb20
=852  \\$aBritish Library$bDSC$j9309.540500$3Volume 72:Issue 1(2016)-
=852  41$aBritish Library$bHMNTS$jELD Digital store$3Volume 69:Issue 1(2014)-
=945  \\$aWorld federation of occupational therapists bulletin.
=959  \\$fCurrently received
=985  \\$aISSN UK Centre note: Online version of ISSN 1447-3828. Please add 776 fields when completing. Print ISSN is under ISSN Australia - will need to take resp. for this. ISSN UK, July 30 2014.
=CAT  \\$a11313$b40$c20140730$lBLL01$h0816
=CAT  \\$a14448$b40$c20160205$lBLL01$h1216
=CAT  \\$a12654$b40$c20160301$lBLL01$h1146
=CAT  \\$a5552$b40$c20160307$lBLL01$h1134
=CAT  \\$aIPL-CLA$c20160331$lBLL01$h1816
=CAT  \\$aBATCH-UPD$b00$c20160413$lBLL01$h1828
=CAT  \\$a11433$b40$c20160420$lBLL01$h1407
=CAT  \\$aBATCH-UPD$b40$c20160804$lBLL01$h0929
=CAT  \\$aBATCH-UPD$b40$c20161122$lBLL01$h1544
=CAT  \\$aIPL-CLA$c20161231$lBLL01$h0018
=CAT  \\$aW1711-1005$c20171206$lBLL01$h1827
=CAT  \\$a5552$b40$c20190115$lBLL01$h1218
=CAT  \\$a5410$b40$c20190828$lBLL01$h1114
=CAT  \\$a5410$b40$c20190828$lBLL01$h1115
=CAT  \\$a5410$b40$c20190903$lBLL01$h0924
=CAT  \\$a6550$b40$c20191010$lBLL01$h1025
=CAT  \\$aBATCH-UPD$b40$c20191122$lBLL01$h1919
=CAT  \\$a12654$b40$c20191127$lBLL01$h0757
=CAT  \\$aIPL-CLA$c20191231$lBLL01$h2038
=CAT  \\$a5110$b40$c20201020$lBLL01$h0945
=CAT  \\$aBATCH-UPD$b40$c20201118$lBLL01$h1353
=CAT  \\$aIPL-CLA$c20201231$lBLL01$h1533
=CAT  \\$aBATCH-UPD$b00$c20221121$lBLL01$h1428
=CAT  \\$aIPL-CLA$c20221231$lBLL01$h1452
=CAT  \\$aR2308-1440$c20230824$lBLL01$h0930
=CAT  \\$aIPL-CLA$c20230930$lBLL01$h0810
=CFI  0\$aCurrent copyright fee: GBP46.00$c2\0$e01-oct-2023$fGBP46.00$g0$hP$5Uk
=CFI  2\$aPrevious copyright fee: GBP46.00$c47\0$e01-jan-2023$fGBP46.00$g0$hP$5Uk
=FFP  \\$aY$bBLDSS-3PM
=FIN  \\$aY$d20150203
=LET  \0$aWorld Federation of Occupational Therapists bulletin (Electronic)
=LKR  \\$aPAR$b011777661$lBLL01$nWFOT bulletin (Print)$mWFOT bulletin (Online)$r776
=MNI  \\$a1447-3828
=TOC  \\$aETOC
=ACF  \\$aPrevious Copyright Fee: GBP22.00$c0$e01-apr-2015$fGBP22.00$g0$hC$5Uk
=ACF  \\$aPrevious Copyright Fee: GBP25.00$c47\0$e19-sep-2015$fGBP25.00$g0$hP$5Uk
=ACF  \\$aPrevious copyright fee: GBP26.00$c47\0$e01-jan-2016$fGBP26.00$g0$hP$5Uk
=ACF  \\$aPrevious copyright fee: GBP36.00$c47\0$e01-jan-2017$fGBP36.00$g0$hP$5Uk
=ACF  \\$aPrevious copyright fee: GBP34.00$c47\0$e01-apr-2016$fGBP34.00$g0$hP$5Uk
=ACF  \\$aPrevious copyright fee: GBP40.00$c47\0$e15-jan-2019$fGBP40.00$g0$hP$5Uk
=ACF  \\$aPrevious copyright fee: GBP42.00$c47\0$e01-jan-2020$fGBP42.00$g0$hP$5Uk
=ACF  \\$aPrevious copyright fee: GBP44.00$c47\0$e01-jan-2021$fGBP44.00$g0$hP$5Uk
=LAS  \\$aIPL-CLA$b00$c20230930$lBLL01$h0810

