=LDR  04218cas a2200961 i 4500
=001  016840900
=003  Uk
=005  20230930081054.0
=006  m\\\\\\\\d\|\\\\\\
=007  cr||||||||||||
=008  140828c19899999enktr\p\o\\\\\0\\\a0eng\\
=FMT  \\$a  SE
=022  0\$a2056-7111$202
=037  \\$aISSN_09377255$bPortico$nManey Publishing
=037  3\$aISSN_09377255_21$bPortico$nTaylor & Francis
=040  \\$aUk$beng$cUk$dUk$erda
=042  \\$aissnuk$aukblsr
=082  04$a623.82072$223
=222  \0$aShip technology research$b(Online)
=245  00$aShip technology research.
=246  13$aSchiffstechnik
=260  \\$aHamburg :$bSchiffahrts-Verlag "Hansa",$c1989-
=264  31$32015-$aLondon :$bManey Publishing
=310  \\$aThree times a year
=336  \\$atext$2rdacontent
=337  \\$acomputer$2rdamedia
=338  \\$aonline resource$2rdacarrier
=362  1\$aPrint began with: Vol. 36, no. 1 (Mar. 1989).
=550  \\$aPublished on behalf of the University of Duisburg-Essen.
=588  \\$aDescription based on: volume 50, issue 1 (January 2003); title from PDF caption title (Maney Online, viewed November 18, 2015).
=540  \\$aCurrent copyright fee: GBP43.00$c2\0$5Uk
=650  \0$aShipbuilding$vPeriodicals.
=710  2\$aUniversität Duisburg-Essen,$eissuing body.
=776  08$iAlso issued in print as:$tShip technology research$x0937-7255
=859  \\$aELD$bejournal
=856  \\$31850-9999$uhttp://www.tandfonline.com/$xBLDSS
=856  40$uhttp://www.maneyonline.com/loi/str
=852  \\$aBritish Library$bDSC$j8259.230000$3Volume 63:Issue 1(2016)-Volume 64:Issue 3(2017)***See ESTAR for full holdings.
=852  41$aBritish Library$bHMNTS$jELD Digital store$3Volume 61:Issue 1(2014)-
=959  \\$fHeld but not currently received
=979  \\$aBritish Library$bDSC$j8259.230000
=CAT  \\$a7152$b40$c20140828$lBLL01$h1044
=CAT  \\$a5552$b40$c20160304$lBLL01$h0742
=CAT  \\$aBLDSS-3PM$b00$c20160308$lBLL01$h0937
=CAT  \\$a5997$b40$c20160323$lBLL01$h1431
=CAT  \\$aIPL-CLA$c20160331$lBLL01$h1817
=CAT  \\$aBATCH-UPD$b00$c20160413$lBLL01$h1828
=CAT  \\$a11433$b40$c20160418$lBLL01$h1436
=CAT  \\$aBATCH-UPD$b40$c20160526$lBLL01$h0704
=CAT  \\$aBATCH-UPD$b40$c20161122$lBLL01$h1546
=CAT  \\$aIPL-CLA$c20161231$lBLL01$h0019
=CAT  \\$aW1711-1005$c20171206$lBLL01$h1827
=CAT  \\$a5552$b40$c20190115$lBLL01$h1117
=CAT  \\$aW1811-111$c20190203$lBLL01$h0956
=CAT  \\$aBATCH-UPD$b00$c20191122$lBLL01$h1918
=CAT  \\$aIPL-CLA$c20191231$lBLL01$h2039
=CAT  \\$a5410$b40$c20200303$lBLL01$h1054
=CAT  \\$a12654$b40$c20200818$lBLL01$h0906
=CAT  \\$a12654$b40$c20200818$lBLL01$h0909
=CAT  \\$aBATCH-UPD$b40$c20201118$lBLL01$h1351
=CAT  \\$a5410$b40$c20201231$lBLL01$h0913
=CAT  \\$aIPL-CLA$c20201231$lBLL01$h1533
=CAT  \\$aBATCH-UPD$b00$c20221121$lBLL01$h1426
=CAT  \\$aIPL-CLA$c20221231$lBLL01$h1452
=CAT  \\$a5410$b40$c20230414$lBLL01$h1611
=CAT  \\$aR2308-1440$c20230824$lBLL01$h0930
=CAT  \\$aIPL-CLA$c20230930$lBLL01$h0810
=CFI  0\$aCurrent copyright fee: GBP43.00$c2\0$e01-oct-2023$fGBP43.00$g0$hP$5Uk
=CFI  2\$aPrevious copyright fee: GBP43.00$c47\0$e01-jan-2023$fGBP43.00$g0$hP$5Uk
=FFP  \\$aY$bBLDSS-3PM
=FIN  \\$aY$d20150513
=LET  \0$aShip technology research (Electronic)
=LKR  \\$aPAR$b009874949$lBLL01$nShip technology research (Print)$mShip technology research (Online)$r776
=MNI  \\$a0937-7255
=TOC  \\$aETOC
=ACF  \\$aPrevious Copyright Fee: GBP22.00$c0$e01-apr-2015$fGBP22.00$g0$hC$5Uk
=ACF  \\$aPrevious copyright fee: GBP34.00$c47\0$e04-mar-2016$fGBP34.00$g0$hP$5Uk
=ACF  \\$aPrevious copyright fee: GBP33.00$c47\0$e01-jan-2017$fGBP33.00$g0$hP$5Uk
=ACF  \\$aPrevious copyright fee: GBP31.00$c47\0$e01-apr-2016$fGBP31.00$g0$hP$5Uk
=ACF  \\$aPrevious copyright fee: GBP37.00$c47\0$e15-jan-2019$fGBP37.00$g0$hP$5Uk
=ACF  \\$aPrevious copyright fee: GBP39.00$c47\0$e01-jan-2020$fGBP39.00$g0$hP$5Uk
=ACF  \\$aPrevious copyright fee: GBP41.00$c47\0$e01-jan-2021$fGBP41.00$g0$hP$5Uk
=LAS  \\$aIPL-CLA$b00$c20230930$lBLL01$h0810

