=LDR  05127cas a2201141 i 4500
=001  016889939
=003  Uk
=005  20221231145302.0
=006  m\\\\\o\\d\\\\\\\\
=007  cr\mnu||||||||
=008  020204c19uu9999enkqr\pso\\\\\0\\\a0eng\\
=FMT  \\$a  SE
=010  \\$a  2018201784
=022  0\$a1793-6292$y0578-5634$21
=035  \\$a(OCoLC)48928674$z(OCoLC)47360438$z(OCoLC)51037427$z(OCoLC)1006137119
=037  \\$aISSN_21664250$bPortico$nTaylor & Francis
=040  \\$aF#A$beng$cF#A$dOCLCQ$dDLM$dHUA$dOCLCQ$dOCLCF$dOCLCO$dOCLCQ$dWT2$dNLTUD$dDLC$dOCLCQ$dUk$erda
=042  \\$ansdp$aukblsr
=050  \4$aTC305$b.C6
=082  04$a627.58$223
=210  0\$aCoast. eng. j.$b(Singap., Online)
=222  \0$aCoastal engineering journal$b(Singapore. Online)
=245  00$aCoastal engineering journal.
=260  \\$a[Singapore] :$bWorld Scientific Publishing
=260  3\$32018- :$a[Abingdon, England] :$bTaylor & Francis
=300  \\$billustrations (colour)
=310  \\$aQuarterly
=336  \\$atext$2rdacontent
=337  \\$acomputer$2rdamedia
=338  \\$aonline resource$2rdacarrier
=362  1\$aPrint began with volume 40, number 1 (March 1998).
=550  \\$aPublished on behalf of Japan Society of Civil Engineers.
=588  \\$aVol. 43, no. 1 (2001); title from journal information screen (viewed Jan. 28, 2002). Last iss.: Vol. 59 Iss. 4 2017.
=588  \\$aLatest issue consulted: volume 60, number 4 (2018) (Taylor & Francis Online, viewed February 14, 2019).
=540  \\$aCurrent copyright fee: GBP43.00$c2\0$5Uk
=650  \0$aCoastal engineering$vPeriodicals.
=650  \0$aCoasts$vPeriodicals.
=650  \0$aHydraulic engineering$vPeriodicals.
=650  \0$aCoast changes$vPeriodicals.
=650  \0$aShore protection$vPeriodicals.
=650  \7$aCoast changes.$2fast$0(OCoLC)fst00865699
=650  \7$aCoastal engineering.$2fast$0(OCoLC)fst00865740
=650  \7$aCoasts.$2fast$0(OCoLC)fst00865801
=650  \7$aHydraulic engineering.$2fast$0(OCoLC)fst00964596
=650  \7$aShore protection.$2fast$0(OCoLC)fst01116978
=655  \7$aPeriodicals.$2fast$0(OCoLC)fst01411641
=710  2\$aDoboku Gakkai,$eissuing body.
=776  08$iPrint version:$tCoastal engineering journal$x0578-5634
=856  \\$31850-9999$uhttp://www.worldscientific.com/$xBLDSS
=859  \\$aELD$bejournal
=856  40$uhttps://www.tandfonline.com/action/journalInformation?journalCode=tcej20
=856  40$uhttp://ejournals.wspc.com.sg/cej/cej.shtml
=852  41$aBritish Library$bHMNTS$jELD Digital store$3Volume 58:Issue 1(2016)-
=852  41$aBritish Library$bDSC$j3292.410100
=945  \\$aCoastal engineering journal.
=979  \\$aBritish Library$bDSC$j3292.410100N
=985  \\$aDue to switch to T&F from 2018 - will need fully cataloguing when first T&F issue published (Richard (Leeds), 18/01/18)
=CAT  \\$a8055$b40$c20141014$lBLL01$h1314
=CAT  \\$aIPL-CLA$c20160930$lBLL01$h1642
=CAT  \\$a10983$b40$c20171117$lBLL01$h1031
=CAT  \\$aW1711-1005$c20171206$lBLL01$h1827
=CAT  \\$a10806$b40$c20180118$lBLL01$h1107
=CAT  \\$a10806$b40$c20180118$lBLL01$h1111
=CAT  \\$a10806$b40$c20180118$lBLL01$h1113
=CAT  \\$a10806$b40$c20180118$lBLL01$h1114
=CAT  \\$aBATCH-UPD$b40$c20180524$lBLL01$h1738
=CAT  \\$aIPL-CLA$c20180630$lBLL01$h1941
=CAT  \\$a5552$b40$c20180808$lBLL01$h1038
=CAT  \\$aBATCH-UPD$b40$c20181217$lBLL01$h1645
=CAT  \\$aIPL-CLA$c20181231$lBLL01$h1554
=CAT  \\$a8483$b40$c20190214$lBLL01$h1013
=CAT  \\$a8483$b40$c20190214$lBLL01$h1029
=CAT  \\$a8483$b40$c20190214$lBLL01$h1032
=CAT  \\$a5410$b40$c20190215$lBLL01$h1138
=CAT  \\$a15190$b40$c20190515$lBLL01$h0840
=CAT  \\$a5410$b40$c20191119$lBLL01$h1050
=CAT  \\$a5410$b40$c20191120$lBLL01$h0842
=CAT  \\$aBATCH-UPD$b40$c20191122$lBLL01$h1907
=CAT  \\$aIPL-CLA$c20191231$lBLL01$h2039
=CAT  \\$aBATCH-UPD$b00$c20201118$lBLL01$h1342
=CAT  \\$aIPL-CLA$c20201231$lBLL01$h1533
=CAT  \\$aBATCH-UPD$b00$c20221121$lBLL01$h1341
=CAT  \\$aIPL-CLA$c20221231$lBLL01$h1453
=CFI  0\$aCurrent copyright fee: GBP43.00$c2\0$e01-jan-2023$fGBP43.00$g0$hP$5Uk
=CFI  2\$aPrevious copyright fee: GBP41.00$c2\0$e01-jan-2021$fGBP41.00$g0$hP$5Uk
=FFP  \\$aY$bBLDSS-3PM
=FIN  \\$aY$d20190214
=LKR  \\$aPAR$b012397190$lBLL01$r776$mCoastal engineering journal (Singapore. Online)$nCoastal engineering journal (Print)
=MNI  \\$a2166-4250
=SID  \\$aZ39$bOCLC
=TOC  \\$aETOC
=ACF  \\$aPrevious copyright fee: GBP20.00$c28\0$e14-oct-2014$fGBP20.00$g0$hP$5Uk
=ACF  \\$aPrevious copyright fee: GBP35.00$c28\0$e01-jul-2018$fGBP35.00$g0$hP$5Uk
=ACF  \\$aPrevious copyright fee: GBP30.00$c28\0$e01-oct-2016$fGBP30.00$g0$hP$5Uk
=ACF  \\$aPrevious copyright fee: GBP35.00$c2\0$e08-aug-2018$fGBP35.00$g0$hP$5Uk
=ACF  \\$aPrevious copyright fee: GBP37.00$c2\0$e01-jan-2019$fGBP37.00$g0$hP$5Uk
=ACF  \\$aPrevious copyright fee: GBP39.00$c2\0$e01-jan-2020$fGBP39.00$g0$hP$5Uk
=LAS  \\$aIPL-CLA$b00$c20221231$lBLL01$h1453

