=LDR  04267cas a2200973 i 4500
=001  016899928
=003  Uk
=005  20230930081057.0
=006  m\\\\\\\\d\|\\\\\\
=007  cr||||||||||||
=008  141022d20092018enkqr\p\o\\\\\0\\\a0eng\\
=FMT  \\$a  SE
=015  \\$aGBB5G6543$2bnb
=022  0\$a2057-1682$y1868-0860$202
=037  3\$aISSN_18680860_21$bPortico$nTaylor & Francis
=037  \\$aISSN_18680860$bPortico$nManey Publishing
=040  \\$aUk$beng$cUk$dUK$erda
=042  \\$aissnuk$aukblsr
=082  04$a025.8405$223
=222  \0$aJournal of paper conservation$b(Online)
=245  00$aJournal of paper conservation.
=260  \\$aStuttgart :$bFOTOTEXT Verlag Wolfgang Jaworek,$c2009-2018/
=264  21$32015-$aLeeds :$bManey Publishing
=264  31$aAbingdon :$bRoutledge, Taylor & Francis Group
=310  \\$aQuarterly
=336  \\$atext$2rdacontent
=337  \\$acomputer$2rdamedia
=338  \\$aonline resource$2rdacarrier
=362  0\$a-volume 19, issue 4 (2018).
=588  \\$aDescription based on print version record.
=588  \\$aLatest issue consulted: volume 19, issue 4 (2018) (Taylor & Francis Online, viewed April 9, 2020).
=540  \\$aCurrent copyright fee: GBP37.00$c2\0$5Uk
=776  08$iAlso issued in print as:$tJournal of paper conservation$x1868-0860
=859  \\$aELD$bejournal
=856  40$uhttp://www.maneyonline.com/loi/jpc
=856  \\$31850-9999$uhttp://www.maneyonline.com$xBLDSS
=856  40$uhttp://www.tandfonline.com/toc/yjpc20/current
=852  \\$aBritish Library$bDSC$j5028.500000$3Volume 17:Issue 1(2016)-Volume 18:Issue 4(2017)***See ESTAR for full holdings.
=852  41$aBritish Library$bHMNTS$jELD Digital store$3Volume 16:Issue 1(2015)-
=945  \\$aJournal of paper conservation
=959  \\$fHeld but not currently received
=979  \\$aBritish Library$bDSC$j5028.500000
=CAT  \\$a11313$b40$c20141022$lBLL01$h1318
=CAT  \\$a5997$b40$c20151118$lBLL01$h1231
=CAT  \\$aBATCH-UPD$b40$c20151119$lBLL01$h1603
=CAT  \\$a10902$b40$c20151121$lBLL01$h0732
=CAT  \\$aIPL-CLA$c20151231$lBLL01$h1936
=CAT  \\$a14448$b40$c20160205$lBLL01$h1135
=CAT  \\$a12654$b40$c20160301$lBLL01$h0822
=CAT  \\$aBATCH-UPD$b40$c20160413$lBLL01$h1828
=CAT  \\$a11433$b40$c20160418$lBLL01$h1137
=CAT  \\$aBATCH-UPD$b40$c20160614$lBLL01$h1129
=CAT  \\$aBATCH-UPD$b40$c20161122$lBLL01$h1543
=CAT  \\$aIPL-CLA$c20161231$lBLL01$h0020
=CAT  \\$a5110$b40$c20170216$lBLL01$h1004
=CAT  \\$aW1711-1005$c20171206$lBLL01$h1827
=CAT  \\$a5552$b40$c20190114$lBLL01$h1113
=CAT  \\$aW1811-111$c20190203$lBLL01$h0956
=CAT  \\$aBATCH-UPD$b00$c20191122$lBLL01$h1921
=CAT  \\$aIPL-CLA$c20191231$lBLL01$h2039
=CAT  \\$a8124$b40$c20200924$lBLL01$h0930
=CAT  \\$aBATCH-UPD$b40$c20201118$lBLL01$h1355
=CAT  \\$aIPL-CLA$c20201231$lBLL01$h1533
=CAT  \\$aBATCH-UPD$b00$c20221121$lBLL01$h1430
=CAT  \\$aIPL-CLA$c20221231$lBLL01$h1453
=CAT  \\$a5410$b40$c20230416$lBLL01$h1210
=CAT  \\$aR2308-1440$c20230824$lBLL01$h0930
=CAT  \\$aIPL-CLA$c20230930$lBLL01$h0810
=CFI  0\$aCurrent copyright fee: GBP37.00$c2\0$e01-oct-2023$fGBP37.00$g0$hP$5Uk
=CFI  2\$aPrevious copyright fee: GBP37.00$c47\0$e01-jan-2023$fGBP37.00$g0$hP$5Uk
=FFP  \\$aY$bBLDSS-3PM
=FIN  \\$aY$d20150601
=LET  \0$aJournal of paper conservation (Electronic)
=LKR  \\$aPAR$b015113677$lBLL01$nJournal of paper conservation (Print)$mJournal of paper conservation (Online)$r776
=MNI  \\$a1868-0860
=TOC  \\$aETOC
=ACF  \\$aPrevious Copyright Fee: GBP22.00$c0$e01-apr-2015$fGBP22.00$g0$hC$5Uk
=ACF  \\$aPrevious Copyright Fee: GBP25.00$c47\0$e01-may-2015$fGBP25.00$g0$hP$5Uk
=ACF  \\$aPrevious copyright fee: GBP28.00$c47\0$e01-jan-2017$fGBP28.00$g0$hP$5Uk
=ACF  \\$aPrevious copyright fee: GBP26.00$c47\0$e01-jan-2016$fGBP26.00$g0$hP$5Uk
=ACF  \\$aPrevious copyright fee: GBP32.00$c47\0$e14-jan-2019$fGBP32.00$g0$hP$5Uk
=ACF  \\$aPrevious copyright fee: GBP34.00$c47\0$e01-jan-2020$fGBP34.00$g0$hP$5Uk
=ACF  \\$aPrevious copyright fee: GBP35.00$c47\0$e01-jan-2021$fGBP35.00$g0$hP$5Uk
=LAS  \\$aIPL-CLA$b00$c20230930$lBLL01$h0810

