=LDR  04966cas a2201141 a 4500
=001  016949992
=003  Uk
=005  20230416120903.0
=006  m\\\\\|\\d\|\\\\\\
=007  cr\|||||||||||
=008  050615d20002018enkbr\p\o\\\\\0\\\a0eng\d
=FMT  \\$a  SE
=010  \\$a  2008212883
=015  \\$aGBB516301$2bnb
=022  0\$a1945-5771$l1528-4336$y1528-4336$202
=035  \\$a(OCoLC)60638796
=037  3\$aISSN_15284336_21$bPortico$nTaylor & Francis
=037  \\$aISSN_15284336$bPortico$nManey Publishing
=040  \\$aOCoLC$beng$cOCoLC$dNSDP$dOCoLC$dUk
=042  \\$aukblsr$aissnuk
=050  \4$aRC606.5$b.H543
=060  \4$aW1$bHI9228
=082  04$a616.979206105$223
=130  0\$aHIV clinical trials (Online)
=222  \0$aHIV clinical trials$b(Online)
=245  10$aHIV clinical trials$h[electronic resource].
=260  \\$aSt. Louis, MO :$bThomas Land Publishers,$c2000-2018.
=264  21$a[Leeds] :$bW. S. Maney & Son Ltd
=264  31$a[London] :$bTaylor & Francis, Taylor & Francis Group
=310  \\$aBimonthly
=336  \\$atext$2rdacontent
=337  \\$acomputer$2rdamedia
=338  \\$aonline resource$2rdacarrier
=362  0\$a-vol. 19, no. 6 (2018).
=362  1\$aPrint began with v. 1, no. 1 (July/Aug. 2000).
=588  \\$aDescription based on print version record.
=588  \\$aLatest issue consulted: volume 17, number 4 (2016) (Taylor & Francis Online, viewed August 23, 2016).
=540  \\$aCurrent copyright fee: GBP46.00$c2\0$5Uk
=650  \0$aHIV Infections$xChemotherapy$vPeriodicals.
=650  \0$aAIDS (Disease)$xChemotherapy$vPeriodicals.
=650  \0$aHIV Infections$xResearch$vPeriodicals.
=650  \0$aAIDS (Disease)$xResearch$vPeriodicals.
=776  08$iAlso issued in print as:$tHIV clinical trials$x1528-4336
=785  00$tHIV research & clinical practice$x2578-7470
=859  \\$aELD$bejournal
=856  \\$31850-9999$uhttp://www.maneyonline.com$xBLDSS
=856  40$uhttp://www.tandfonline.com/toc/yhct20/15/4
=852  \\$aBritish Library$bDSC$j4319.044800$3Volume 17:Issue 1(2016)-Volume 18:Issue 5/6(2017)
=852  41$aBritish Library$bSTI$jELD Digital store$3Volume 14:Issue 3(2013)-Volume 19:Issue 5(2018)
=945  \\$aHIV clinical trials
=959  \\$fHeld but not currently received
=979  \\$aBritish Library$bDSC$j4319.044800
=985  \\$aISSN responsibility transferred from U.S. to UK (09/03/15)
=CAT  \\$a11147$b40$c20141120$lBLL01$h1041
=CAT  \\$a12654$b40$c20160225$lBLL01$h0750
=CAT  \\$a12654$b40$c20160225$lBLL01$h0800
=CAT  \\$a12654$b40$c20160229$lBLL01$h1419
=CAT  \\$aBATCH-UPD$b40$c20160413$lBLL01$h1828
=CAT  \\$a11433$b40$c20160415$lBLL01$h1632
=CAT  \\$aBATCH-UPD$b40$c20160522$lBLL01$h2354
=CAT  \\$a14448$b40$c20160818$lBLL01$h0956
=CAT  \\$a3072$b40$c20160823$lBLL01$h1726
=CAT  \\$a3072$b40$c20160823$lBLL01$h1727
=CAT  \\$a3072$b40$c20160824$lBLL01$h0953
=CAT  \\$aBATCH-UPD$b40$c20161122$lBLL01$h1501
=CAT  \\$aIPL-CLA$c20161231$lBLL01$h0020
=CAT  \\$aBATCH-UPD$b00$c20171121$lBLL01$h1640
=CAT  \\$aW1711-1005$c20171206$lBLL01$h1827
=CAT  \\$aIPL-CLA$c20171231$lBLL01$h1827
=CAT  \\$aBATCH-UPD$b00$c20181217$lBLL01$h1648
=CAT  \\$aIPL-CLA$c20181231$lBLL01$h1554
=CAT  \\$aW1811-111$c20190203$lBLL01$h0956
=CAT  \\$aBATCH-UPD$b00$c20191122$lBLL01$h1910
=CAT  \\$a10806$b40$c20191204$lBLL01$h1317
=CAT  \\$aIPL-CLA$c20191231$lBLL01$h2040
=CAT  \\$aBATCH-UPD$b00$c20201118$lBLL01$h1345
=CAT  \\$aIPL-CLA$c20201231$lBLL01$h1533
=CAT  \\$aBATCH-UPD$b00$c20221121$lBLL01$h1335
=CAT  \\$aIPL-CLA$c20221231$lBLL01$h1453
=CAT  \\$a5410$b40$c20230416$lBLL01$h1209
=CFI  0\$aCurrent copyright fee: GBP46.00$c2\0$e01-jan-2023$fGBP46.00$g0$hP$5Uk
=CFI  2\$aPrevious copyright fee: GBP44.00$c2\0$e01-jan-2021$fGBP44.00$g0$hP$5Uk
=FFP  \\$aY$bBLDSS-3PM
=FIN  \\$aY$d20150206
=LKR  \\$aPAR$b009204208$lBLL01$nHIV clinical trials (Print)$mHIV clinical trials (Online)$r776
=MNI  \\$a1528-4336
=SRC  \\$aBLL02
=TOC  \\$aETOC
=ACF  \\$aPrevious Copyright Fee: GBP22.00$c0$e01-apr-2015$fGBP22.00$g0$hC$5Uk
=ACF  \\$aPrevious Copyright Fee: GBP4.85$c0$e01-jan-2015$fGBP4.85$g0$hC$5Uk
=ACF  \\$aPrevious copyright fee: GBP34.00$c47\0$e01-jan-2016$fGBP34.00$g0$hP$5Uk
=ACF  \\$aPrevious copyright fee: GBP30.00$c47\0$e01-may-2015$fGBP30.00$g0$hP$5Uk
=ACF  \\$aPrevious copyright fee: GBP34.00$c2\0$e25-feb-2016$fGBP34.00$g0$hP$5Uk
=ACF  \\$aPrevious copyright fee: GBP36.00$c2\0$e01-jan-2017$fGBP36.00$g0$hP$5Uk
=ACF  \\$aPrevious copyright fee: GBP38.00$c2\0$e01-jan-2018$fGBP38.00$g0$hP$5Uk
=ACF  \\$aPrevious copyright fee: GBP40.00$c2\0$e01-jan-2019$fGBP40.00$g0$hP$5Uk
=ACF  \\$aPrevious copyright fee: GBP42.00$c2\0$e01-jan-2020$fGBP42.00$g0$hP$5Uk
=LAS  \\$a5410$b40$c20230416$lBLL01$h1209

