=LDR  04525cas a2201009 i 4500
=001  016953712
=003  Uk
=005  20230414160941.0
=006  m\\\\\|\\d\|\\\\\\
=007  cr\|||||||||||
=008  141125c19829999enktr\p\o\\\\\0\\\a0eng\\
=FMT  \\$a  SE
=022  0\$a2168-4723$y0734-578X$202
=037  \\$aISSN_0734578X$bPortico$nManey Publishing
=037  3\$aISSN_0734578X_21$bPortico$nTaylor & Francis
=040  \\$aUk$beng$cUk$dUk$erda
=042  \\$aissnuk$aukblsr
=082  04$a930.1$223
=222  \0$aSoutheastern archaeology$b(Online)
=245  00$aSoutheastern archaeology.
=260  \\$aGainesville, Fla. :$bSoutheastern Archaeological Conference,$c1982-
=264  31$32015-$aLeeds :$bManey Publishing
=310  \\$aThree issues yearly
=321  \\$aSemi-annual
=336  \\$atext$2rdacontent
=337  \\$acomputer$2rdamedia
=338  \\$aonline resource$2rdacarrier
=362  0\$aPrint began with: Vol. 1, no. 1 (summer 1982).
=550  \\$aPublished on behalf of the Southeastern Archaeological Conference.
=588  \\$aDescription based on print version record.
=588  \\$aLatest issue consulted: volume 34, issue 2 (August 2015) (Maney Online, viewed Noember 18, 2015).
=540  \\$aCurrent copyright fee: GBP37.00$c2\0$5Uk
=651  \0$aSouthern States$xAntiquities$vPeriodicals.
=650  \0$aIndians of North America$zSouthern States$xAntiquities$vPeriodicals.
=710  1\$aSoutheastern Archaeological Conference,$eissuing body.
=776  0\$iAlso issued in print as:$tSoutheastern archaeology$x0734-578X
=859  \\$aELD$bejournal
=856  \\$31850-9999$uhttp://www.tandfonline.com/$xBLDSS
=856  40$uhttp://www.maneyonline.com/loi/sea
=852  \\$aBritish Library$bDSC$j8352.354000$3Volume 35:Issue 1(2016)-Volume 36:Issue 3(2017)***See ESTAR for full holdings.
=852  41$aBritish Library$bHMNTS$jELD Digital Store$3Volume 33:Issue 1(2014)-
=945  \0$aSoutheastern archaeology.
=959  \\$fHeld but not currently received
=979  \\$aBritish Library$bDSC$j8352.354000
=985  \\$aISSN responsibility transferred from US ISSN Center to ISSN UK Centre 11.5.15.
=CAT  \\$a8464$b40$c20141125$lBLL01$h1335
=CAT  \\$aWR15058$c20151230$lBLL01$h1441
=CAT  \\$a14448$b40$c20160205$lBLL01$h1206
=CAT  \\$a12654$b40$c20160301$lBLL01$h0943
=CAT  \\$a5552$b40$c20160314$lBLL01$h1130
=CAT  \\$aBLDSS-3PM$b00$c20160322$lBLL01$h1621
=CAT  \\$aBATCH-UPD$b00$c20160413$lBLL01$h1828
=CAT  \\$a11433$b40$c20160418$lBLL01$h1438
=CAT  \\$aBATCH-UPD$b40$c20160524$lBLL01$h1330
=CAT  \\$aBATCH-UPD$b40$c20161122$lBLL01$h1515
=CAT  \\$aIPL-CLA$c20161231$lBLL01$h0020
=CAT  \\$aBATCH-UPD$b00$c20171121$lBLL01$h1650
=CAT  \\$aW1711-1005$c20171206$lBLL01$h1827
=CAT  \\$aIPL-CLA$c20171231$lBLL01$h1827
=CAT  \\$aBATCH-UPD$b00$c20181217$lBLL01$h1641
=CAT  \\$aIPL-CLA$c20181231$lBLL01$h1554
=CAT  \\$aW1811-111$c20190203$lBLL01$h0956
=CAT  \\$aBATCH-UPD$b00$c20191122$lBLL01$h1903
=CAT  \\$aIPL-CLA$c20191231$lBLL01$h2040
=CAT  \\$a5410$b40$c20200916$lBLL01$h1259
=CAT  \\$a5410$b40$c20200925$lBLL01$h0927
=CAT  \\$aBATCH-UPD$b40$c20201118$lBLL01$h1337
=CAT  \\$aIPL-CLA$c20201231$lBLL01$h1533
=CAT  \\$aBATCH-UPD$b00$c20221121$lBLL01$h1350
=CAT  \\$aIPL-CLA$c20221231$lBLL01$h1453
=CAT  \\$a5410$b40$c20230414$lBLL01$h1609
=CFI  0\$aCurrent copyright fee: GBP37.00$c2\0$e01-jan-2023$fGBP37.00$g0$hP$5Uk
=CFI  2\$aPrevious copyright fee: GBP35.00$c2\0$e01-jan-2021$fGBP35.00$g0$hP$5Uk
=FFP  \\$aY$bBLDSS-3PM
=FIN  \\$aY$d20150615
=LET  \0$aSoutheastern archaeology (Electronic)
=LKR  \\$aPAR$b009881472$lBLL01$nSoutheastern archaeology (Print)$mSoutheastern archaeology (Online)$r776
=MNI  \\$a0734-578X
=TOC  \\$aETOC
=ACF  \\$aPrevious Copyright Fee: GBP22.00$c0$e01-apr-2015$fGBP22.00$g0$hC$5Uk
=ACF  \\$aPrevious Copyright Fee: GBP0.00$c0$e01-jan-2015$fGBP0.00$g0$hC$5Uk
=ACF  \\$aPrevious copyright fee: GBP26.00$c2\0$e14-mar-2016$fGBP26.00$g0$hP$5Uk
=ACF  \\$aPrevious copyright fee: GBP28.00$c2\0$e01-jan-2017$fGBP28.00$g0$hP$5Uk
=ACF  \\$aPrevious copyright fee: GBP30.00$c2\0$e01-jan-2018$fGBP30.00$g0$hP$5Uk
=ACF  \\$aPrevious copyright fee: GBP32.00$c2\0$e01-jan-2019$fGBP32.00$g0$hP$5Uk
=ACF  \\$aPrevious copyright fee: GBP34.00$c2\0$e01-jan-2020$fGBP34.00$g0$hP$5Uk
=LAS  \\$a5410$b40$c20230414$lBLL01$h1609

