=LDR  03473cas a2200913 i 4500
=001  017043306
=003  Uk
=005  20210506095213.0
=006  m\\\\\o\\d\\\\\\\\
=007  cr\|||||||||||
=008  130708c20139999maumr\p\o\\\\\0\\\a0eng\\
=FMT  \\$a  SE
=010  \\$a  2013203336
=015  \\$aGBB668137$2bnb
=022  \\$a2329-9185
=035  \\$a(OCoLC)852154047
=037  \\$aISSN_23299185_74$bPortico$nLippincott Williams & Wilkins
=040  \\$aDLC$beng$cDLC$dPFM$dOCLCO$dDLC$dOCLCF$dOCLCO$dOPELS$dOCLCO$dOCLCQ$dOCLCO$dUk$erda
=042  \\$aukblsr
=050  \4$aRD1
=050  10$aISSN RECORD
=082  00$a617.47$223
=210  0\$aJBJS rev.
=222  \0$aJBJS reviews
=245  00$aJBJS reviews.
=246  1\$aJournal of bone and joint surgery reviews
=264  \1$aNeedham, MA :$bJournal of Bone and Joint Surgery, Inc.,$c[2013]-
=310  \\$aMonthly
=336  \\$atext$2rdacontent
=337  \\$acomputer$2rdamedia
=338  \\$aonline resource$2rdacarrier
=362  1\$aBegan with Volume 1, Issue 1 (November 2013).
=540  \\$aCurrent copyright fee: GBP32.00$c20\0$5Uk
=588  \\$aDescription based on: Volume 1, Issue 1 (November 2013); title from journal homepage (JBJS website, viewed April 1, 2015).
=588  \\$aLatest issue consulted: Volume 3, Issue 5 (May 2015).
=650  \0$aBones$xSurgery$vPeriodicals.
=650  \0$aJoints$xSurgery$vPeriodicals.
=650  \0$aOrthopedics$vPeriodicals.
=650  \2$aOrthopedics.
=650  \2$aGeneral Surgery.
=650  \2$aBone Diseases.
=650  \2$aJoint Diseases.
=650  \7$aBones$xSurgery.$2fast$0(OCoLC)fst00836037
=650  \7$aJoints$xSurgery.$2fast$0(OCoLC)fst00983925
=650  \7$aOrthopedics.$2fast$0(OCoLC)fst01048565
=655  \2$aPeriodicals.
=655  \4$aElectronic journals.
=655  \7$aPeriodicals.$2fast$0(OCoLC)fst01411641
=859  \\$aELD$bejournal
=856  \\$31850-9999$uhttp://jbjs.org/$xBLDSS
=856  40$uhttp://reviews.jbjs.org/
=852  41$aBritish Library$bHMNTS$jELD Digital store$3Volume 3:Issue 1(2015)-
=852  \\$aBritish Library$bDSC$j4663.437700$3Volume 9:Issue 12(2021)-
=945  \\$aJBJS reviews.
=959  \\$fCurrently received
=985  \\$a3rd party access title for Remote supply please retain as base record when merging/deleting
=CAT  \\$a5552$b40$c20150206$lBLL01$h0938
=CAT  \\$aBLDSS-3PM$b00$c20150513$lBLL01$h0807
=CAT  \\$a5552$b40$c20160122$lBLL01$h1251
=CAT  \\$a5552$b40$c20160209$lBLL01$h1412
=CAT  \\$aBATCH-UPD$b40$c20160217$lBLL01$h1713
=CAT  \\$a14448$b40$c20160302$lBLL01$h0935
=CAT  \\$aIPL-CLA$c20160331$lBLL01$h1818
=CAT  \\$aBATCH-UPD$b00$c20160413$lBLL01$h1828
=CAT  \\$a10806$b40$c20160518$lBLL01$h1547
=CAT  \\$a5552$b40$c20170425$lBLL01$h1153
=CAT  \\$aW1711-1005$c20171206$lBLL01$h1828
=CAT  \\$a12654$b40$c20210506$lBLL01$h0951
=CAT  \\$a12654$b40$c20210506$lBLL01$h0952
=CFI  0\$aCurrent copyright fee: GBP32.00$c20\0$e01-apr-2016$fGBP32.00$g0$hP$5Uk
=CFI  2\$aPrevious copyright fee: GBP30.32$c20\0$e09-feb-2016$fGBP30.32$g0$hP$5Uk
=FFP  \\$aY$bBLDSS-3PM
=FIN  \\$aY$d20160518
=SID  \\$aZ39$bOCLC
=TOC  \\$aETOC
=UNO  \\$aY
=ACF  \\$aPrevious copyright fee: GBP36.77$c20\0$e22-jan-2016$fGBP36.77$g0$hP$5Uk
=ACF  \\$aPrevious copyright fee: GBP21.00$c108\0$e06-FEB-2015$fGBP21.00$g0$hP$5Uk
=LAS  \\$a12654$b40$c20210506$lBLL01$h0952

