=LDR  04779cas a2201081 a 4500
=001  017079517
=003  Uk
=005  20230930081115.0
=006  m\\\\\o\\d\\\\\\\\
=007  cr\cn|||||||||
=008  030326c19949999enkbr\p\o\\\\\0\\\a0eng\d
=FMT  \\$a  SE
=010  \\$a  2008212888
=015  \\$aGBB522783$2bnb
=022  0\$a1945-5119$l1074-9357$y1074-9357
=035  \\$a(OCoLC)51927282
=037  \\$aISSN_10749657$bPortico$nManey Publishing
=037  3\$aISSN_10749357_21$bPortico$nTaylor & Francis
=040  \\$aMiKW$beng$cMiKW$dOCoLC$dNSDP$dOCoLC$dOCLCO$dOCoLC$dInU$dUk
=042  \\$aukblsr
=050  14$aRC388.5
=082  04$a616.810305$223
=130  0\$aTopics in stroke rehabilitation (Online)
=222  \0$aTopics in stroke rehabilitation$b(Online)
=245  10$aTopics in stroke rehabilitation$h[electronic resource].
=264  \1$a[Frederick] :$bAspen Publishers Inc.
=264  21$a[St. Louis] :$bThomas Land Publishers
=264  21$a[Leeds] :$bW. S. Maney & Son Ltd
=264  31$a[Abingdon, Oxfordshire] :$bTaylor & Francis, Taylor & Francis Group
=310  \\$aBimonthly,$b2007-
=321  \\$aQuarterly,$b<-2006
=336  \\$atext$2rdacontent
=337  \\$acomputer$2rdamedia
=338  \\$aonline resource$2rdacarrier
=362  1\$aPrint began with vol. 1, no. 1 (spring 1994).
=500  \\$aTitle from introductory screen (viewed 3/26/2003).
=588  \\$aLatest issue consulted: volume 23, number 4 (August 2016); Taylor & Francis Online, viewed August 9, 2016.
=540  \\$aCurrent copyright fee: GBP46.00$c2\0$5Uk
=650  \0$aCerebrovascular disease$xPatients$xRehabilitation$vPeriodicals.
=650  \0$aCerebrovascular disease$vPeriodicals.
=776  08$iAlso issued in print as:$tTopics in stroke rehabilitation$x1074-9357
=856  \\$31850-9999$uhttp://www.maneyonline.com$xBLDSS
=856  40$uhttp://thomasland.metapress.com/openurl.asp?genre=journal&issn=1074-9357
=856  40$uhttp://www.maneyonline.com/loi/tsr
=856  40$uhttp://www.tandfonline.com/loi/ytsr20#.V6niC1JTF-V
=859  \\$aELD$bejournal
=852  41$aBritish Library$bSTI$jELD Digital store$3Volume 20:Issue 3(2013)-
=852  \\$aBritish Library$bDSC$j8867.490300$3Volume 23:Issue 1(2016)-***See ESTAR for full holdings.
=945  \\$aTopics in stroke rehabilitation.
=959  \\$fCurrently received
=CAT  \\$a8323$b40$c20150224$lBLL01$h0819
=CAT  \\$a12654$b40$c20160301$lBLL01$h1130
=CAT  \\$aBATCH-UPD$b40$c20160413$lBLL01$h1828
=CAT  \\$a10983$b40$c20160426$lBLL01$h1333
=CAT  \\$aBATCH-UPD$b40$c20160522$lBLL01$h2354
=CAT  \\$a10983$b40$c20160617$lBLL01$h0956
=CAT  \\$a11205$b40$c20160809$lBLL01$h1530
=CAT  \\$a11205$b40$c20160809$lBLL01$h1531
=CAT  \\$a10983$b40$c20160818$lBLL01$h1321
=CAT  \\$a3072$b40$c20160824$lBLL01$h1011
=CAT  \\$a10983$b40$c20160926$lBLL01$h1016
=CAT  \\$a10983$b40$c20160926$lBLL01$h1017
=CAT  \\$a10969$b40$c20161017$lBLL01$h1828
=CAT  \\$a10969$b40$c20161017$lBLL01$h1829
=CAT  \\$aBATCH-UPD$b40$c20161122$lBLL01$h1544
=CAT  \\$aIPL-CLA$c20161231$lBLL01$h0022
=CAT  \\$aW1711-1005$c20171206$lBLL01$h1828
=CAT  \\$a5552$b40$c20190115$lBLL01$h1218
=CAT  \\$aBATCH-UPD$b40$c20191122$lBLL01$h1919
=CAT  \\$aIPL-CLA$c20191231$lBLL01$h2040
=CAT  \\$aBATCH-UPD$b00$c20201118$lBLL01$h1353
=CAT  \\$aIPL-CLA$c20201231$lBLL01$h1533
=CAT  \\$aBATCH-UPD$b00$c20221121$lBLL01$h1428
=CAT  \\$aIPL-CLA$c20221231$lBLL01$h1453
=CAT  \\$aR2308-1440$c20230824$lBLL01$h0930
=CAT  \\$aIPL-CLA$c20230930$lBLL01$h0811
=CFI  0\$aCurrent copyright fee: GBP46.00$c2\0$e01-oct-2023$fGBP46.00$g0$hP$5Uk
=CFI  2\$aPrevious copyright fee: GBP46.00$c47\0$e01-jan-2023$fGBP46.00$g0$hP$5Uk
=FFP  \\$aY$bBLDSS-3PM
=FIN  \\$aY$d20150224
=LET  \0$aTopics in stroke rehabilitation (Electronic)
=LKR  \\$aPAR$b011138585$lBLL01$nTopics in stroke rehabilitation (Print)$mTopics in stroke rehabilitation (Online)$r776
=MNI  \\$a1074-9357
=SRC  \\$aBLL02
=TOC  \\$aETOC
=ACF  \\$aPrevious Copyright Fee: GBP22.00$c0$e01-apr-2015$fGBP22.00$g0$hC$5Uk
=ACF  \\$aPrevious Copyright Fee: GBP30.00$c47\0$e01-may-2015$fGBP30.00$g0$hP$5Uk
=ACF  \\$aPrevious copyright fee: GBP36.00$c47\0$e01-jan-2017$fGBP36.00$g0$hP$5Uk
=ACF  \\$aPrevious copyright fee: GBP34.00$c47\0$e01-jan-2016$fGBP34.00$g0$hP$5Uk
=ACF  \\$aPrevious copyright fee: GBP40.00$c47\0$e15-jan-2019$fGBP40.00$g0$hP$5Uk
=ACF  \\$aPrevious copyright fee: GBP42.00$c47\0$e01-jan-2020$fGBP42.00$g0$hP$5Uk
=ACF  \\$aPrevious copyright fee: GBP44.00$c47\0$e01-jan-2021$fGBP44.00$g0$hP$5Uk
=LAS  \\$aIPL-CLA$b00$c20230930$lBLL01$h0811

