=LDR  03333cas a2200805 i 4500
=001  017132515
=003  Uk
=005  20190221134225.0
=006  m\\\\\o\\d\\\\\\\\
=007  cr\|||||||||||
=008  151216c20169999enkbr\p\o\\\\\0\\\a0eng\d
=FMT  \\$a  SE
=015  \\$aGBB6B8415$2bnb
=022  0\$a2058-9883$202
=035  \\$a(OCoLC)932328432
=037  \\$aISSN_20589883$bPortico$nRoyal Society of Chemistry
=040  \\$aSCB$beng$cSCB$dLND$dOCLCO$dOCLCF$dOCLCO$dUk$erda
=042  \\$aissnuk$aukblsr
=082  04$a547.705$223
=210  0\$aReact. chem. eng.
=222  \0$aReaction chemistry & engineering
=245  00$aReaction chemistry & engineering.
=246  1\$aReaction chemistry and engineering
=264  \1$aCambridge :$bRoyal Society of Chemistry,$c2016-
=300  \\$billustrations (black and white, and colour)
=310  \\$aBimonthly
=336  \\$atext$2rdacontent
=337  \\$acomputer$2rdamedia
=338  \\$aonline resource$2rdacarrier
=362  0\$aVolume 1, number 1 (February 2016)-
=540  \\$aCurrent copyright fee: GBP46.75$c6\1$5Uk
=500  \\$aTitle from PDF cover (RSC Publishing website, viewed March 14, 2016).
=588  \\$aLatest issue consulted: volume 1, number 4 (August 2016) (publisher's Web site, viewed August 24, 2016).
=500  \\$a"Linking fundamental chemistry and engineering to create scalable, efficient processes".
=650  \0$aReaction mechanisms (Chemistry)$vPeriodicals.
=650  \0$aChemical engineering$vPeriodicals.
=650  \7$aChemical engineering.$2fast$0(OCoLC)fst00852893
=650  \7$aReaction mechanisms (Chemistry)$2fast$0(OCoLC)fst01090508
=655  \7$aPeriodicals.$2fast$0(OCoLC)fst01411641
=710  2\$aRoyal Society of Chemistry (Great Britain),$eissuing body.
=859  \\$aELD$bejournal
=856  \\$31850-9999$uhttp://www.rsc.org/$xBLDSS
=856  40$uhttp://pubs.rsc.org/en/content/articlelanding/2016/re/c6re90001a#!divAbstract
=856  40$uhttp://pubs.rsc.org/en/journals/journalissues/re#!recentarticles&adv
=852  41$aBritish Library$bHMNTS$jELD Digital store$3Volume 1:Issue 1(2016)-
=852  \\$aBritish Library$bDSC$j7300.263610$3Volume 1:Issue 1(2016)-***See ESTAR for full holdings.
=945  \\$aReaction chemistry and engineering
=CAT  \\$a10806$b40$c20150331$lBLL01$h1355
=CAT  \\$a11313$b40$c20160314$lBLL01$h1030
=CAT  \\$a11313$b40$c20160314$lBLL01$h1031
=CAT  \\$a10983$b40$c20160824$lBLL01$h0857
=CAT  \\$a3072$b40$c20160824$lBLL01$h1555
=CAT  \\$a12654$b40$c20160909$lBLL01$h1141
=CAT  \\$a12654$b40$c20160909$lBLL01$h1258
=CAT  \\$aBATCH-UPD$b40$c20160913$lBLL01$h2110
=CAT  \\$aBLDSS-3PM$b00$c20160915$lBLL01$h1525
=CAT  \\$aBATCH-UPD$b00$c20160915$lBLL01$h1526
=CAT  \\$aW1711-1005$c20171205$lBLL01$h2213
=CAT  \\$a5410$b40$c20180918$lBLL01$h1147
=CAT  \\$a5552$b40$c20190221$lBLL01$h1342
=CFI  0\$aCurrent copyright fee: GBP46.75$c6\1$e21-feb-2019$fGBP46.75$g0$hP$5Uk
=CFI  2\$aPrevious copyright fee: zero$c6\1$e09-sep-2016$fGBP0.00$g0$hP$5Uk
=FFP  \\$aY$bBLDSS-3PM
=FIN  \\$aY$d20160314
=LET  \0$aReaction chemistry & engineering (Electronic)
=MNI  \\$a2058-9883
=SID  \\$aZ39$bOCLC
=TOC  \\$aETOC
=UNO  \\$aY
=LAS  \\$a5552$b40$c20190221$lBLL01$h1342

