=LDR  03853cas a2200925 i 4500
=001  017175935
=003  Uk
=005  20211231154721.0
=006  m\\\\\\\\d\|\\\\\\
=007  cr||||||||||||
=008  150429c20169999enkqx\p\o\\\\\0\\\a0eng\\
=FMT  \\$a  SE
=015  \\$aGBB683017$2bnb
=022  0\$a2059-1101
=037  \\$aISSN_20591098$bPortico$nWiley
=040  \\$aUk$beng$cUk$erda
=042  \\$aukblsr
=082  04$a364.05$223
=222  \4$aThe Howard journal of crime and justice$b(Online)
=245  04$aThe Howard journal of crime and justice.
=246  17$aHoward journal
=264  \1$aOxford :$bJohn Wiley & Sons Ltd,$c2016-
=310  \\$aFive times a year
=336  \\$atext$2rdacontent
=337  \\$acomputer$2rdamedia
=338  \\$aonline resource$2rdacarrier
=362  0\$aVolume 55, issues 1/2 (May 2016)-
=500  \\$aTitle from journal homepage (Wiley Online Library, viewed June 16, 2016).
=580  \\$aIncludes issues of earlier title: Howard journal of criminal justice.
=540  \\$aCurrent copyright fee: GBP39.00$c35\0$5Uk
=650  \0$aCrime$vPeriodicals.
=650  \0$aJustice, Administration of$vPeriodicals.
=650  \0$aCriminals$xRehabilitation$vPeriodicals.
=690  7\$aSocial Welfare$2blcoll
=710  2\$aHoward League for Penal Reform,$eissuing body.
=776  08$iAlso issued in print as:$tHoward journal of crime and justice$x2059-1098
=780  00$tHoward journal of criminal justice (Online)$x1468-2311
=859  \\$aELD$bejournal
=856  \\$31850-9999$uhttp://onlinelibrary.wiley.com/$xBLDSS
=856  40$uhttp://onlinelibrary.wiley.com/journal/10.1111/(ISSN)2059-1101
=852  \\$aBritish Library$bDSC$j4335.244250$3Volume 55:Issue 1/2(2016)-
=852  41$aBritish Library$bHMNTS$jELD Digital store$3Volume 55:Issue 1/2(2016)-
=945  \\$aHoward journal of crime and justice
=985  \\$aISSN responsibility transferred to U.S. Center (30/01/17)
=CAT  \\$a10973$b40$c20150429$lBLL01$h1431
=CAT  \\$a10973$b40$c20150429$lBLL01$h1433
=CAT  \\$a10902$b40$c20160213$lBLL01$h1202
=CAT  \\$a10806$b40$c20160616$lBLL01$h1123
=CAT  \\$a10806$b40$c20160616$lBLL01$h1136
=CAT  \\$a10806$b40$c20160616$lBLL01$h1137
=CAT  \\$aBATCH-SWP$c20160624$lBLL01$h2223
=CAT  \\$a12654$b40$c20160706$lBLL01$h1128
=CAT  \\$a10983$b40$c20161103$lBLL01$h1211
=CAT  \\$a10806$b40$c20170117$lBLL01$h1059
=CAT  \\$a10806$b40$c20170130$lBLL01$h0948
=CAT  \\$a10806$b40$c20170130$lBLL01$h1101
=CAT  \\$a5552$b40$c20170807$lBLL01$h0845
=CAT  \\$aBLDSS-3PM$b00$c20170817$lBLL01$h0915
=CAT  \\$aBATCH-UPD$b00$c20170817$lBLL01$h1017
=CAT  \\$aW1711-1005$c20171206$lBLL01$h1828
=CAT  \\$aBATCH-UPD$b00$c20180219$lBLL01$h1757
=CAT  \\$a8874$b40$c20180601$lBLL01$h1256
=CAT  \\$aBATCH-UPD$b40$c20181121$lBLL01$h1627
=CAT  \\$aIPL-CLA$c20181231$lBLL01$h1555
=CAT  \\$aR1911-0245$c20191127$lBLL01$h0823
=CAT  \\$aR1911-0245$c20191127$lBLL01$h1045
=CAT  \\$aIPL-CLA$c20191231$lBLL01$h2041
=CAT  \\$aW2111-0842$c20211208$lBLL01$h1943
=CAT  \\$aIPL-CLA$c20211231$lBLL01$h1547
=CFI  0\$aCurrent copyright fee: GBP39.00$c35\0$e01-jan-2022$fGBP39.00$g0$hP$5Uk
=CFI  2\$aPrevious Copyright Fee: GBP32.00$c35\0$e01-jan-2020$fGBP32.00$g0$hP$5Uk
=FFP  \\$aY$bBLDSS-3PM
=FIN  \\$aY$d20160616
=LET  \4$aThe Howard journal of crime and justice (Electronic)
=LKR  \\$aPAR$b012433178$lBLL01$r78000$mHoward journal of crime and justice$nHoward journal of criminal justice
=MNI  \\$a2059-1098
=UNO  \\$aY
=ACF  \\$aPrevious Copyright Fee: GBP24.00$c35\0$e07-aug-2017$fGBP24.00$g0$hP$5Uk
=ACF  \\$aPrevious copyright fee: GBP28.00$c35\0$e01-jan-2019$fGBP28.00$g0$hP$5Uk
=LAS  \\$aIPL-CLA$b00$c20211231$lBLL01$h1547

