=LDR  03551cas a2200877 i 4500
=001  017364048
=003  Uk
=005  20210324090048.0
=006  m\\\\\|\\d\|\\\\\\
=007  cr\|||||||||||
=008  150518c19899999xxubr\p\o\\\\\0\\\a0eng\\
=FMT  \\$a  SE
=015  \\$aGBB575865$2bnb
=022  \\$a1531-703X$y1040-8746
=037  \\$aISSN_10408746$bPortico$nLippincott Williams & Wilkins
=040  \\$aUk$beng$cUk$dUk$erda
=042  \\$aukblsr
=082  04$a616.994$223
=210  0\$aCurr. opin. oncol.$b(Online)
=222  \0$aCurrent opinion in oncology$b(Online)
=245  00$aCurrent opinion in oncology.
=264  \1$aPhiladelphia, Pa. :$bCurrent Science,$c1989-
=264  21$a[London] :$bLippincott-Raven Publishers
=264  21$32006-$aLondon :$bLippincott Williams & Wilkins
=264  31$a[Hagerstown] :$bWolters Kluwer Health, Inc.
=300  \\$billustrations (black and white)
=310  \\$aBimonthly
=336  \\$atext$2rdacontent
=337  \\$acomputer$2rdamedia
=338  \\$aonline resource$2rdacarrier
=362  1\$aPrint began with vol. 1, no. 1 (Oct. 1989).
=490  1\$aCurrent opinion series
=500  \\$aOn cover: Wolters Kluwer Health.
=504  \\$aIncludes a section called: Bibliography of the current world literature.
=588  \\$aDescription based on print version record.
=588  \\$aLatest issue consulted: volume 31, issue 2 (March 2019) (Wolters Kluwer Health journals, viewed March 19, 2019).
=540  \\$aCurrent copyright fee: GBP32.00$c20\0$5Uk
=650  \0$aOncology$vPeriodicals.
=776  08$iAlso issued in print as:$tCurrent opinion in oncology$x1040-8746
=830  \0$aCurrent opinion series.
=859  \\$aELD$bejournal
=856  40$uhttp://journals.lww.com/co-oncology/pages/default.aspx
=856  \\$31850-9999$uhttp://journals.lww.com/pages/default.aspx$xBLDSS
=852  41$aBritish Library$bSTI$jELD Digital store$3Volume 27:Issue 1(2015:Jan.)-
=852  \\$aBritish Library$bDSC$j3500.776400$3Volume 33:Issue 3(2021)-
=945  \\$aCurrent opinion in oncology.
=959  \\$fCurrently received
=CAT  \\$a8411$b40$c20150518$lBLL01$h0947
=CAT  \\$a8411$b40$c20150518$lBLL01$h0949
=CAT  \\$a8411$b40$c20150518$lBLL01$h1111
=CAT  \\$aBATCH-CLA$b00$c20150529$lBLL01$h1529
=CAT  \\$a11205$b40$c20150612$lBLL01$h1127
=CAT  \\$a11205$b40$c20150612$lBLL01$h1129
=CAT  \\$a11205$b40$c20150612$lBLL01$h1212
=CAT  \\$aIPL-CLA$c20150630$lBLL01$h1725
=CAT  \\$a5552$b40$c20160119$lBLL01$h1223
=CAT  \\$aBLDSS-3PM$b00$c20160201$lBLL01$h1812
=CAT  \\$aBATCH-UPD$b00$c20160217$lBLL01$h1713
=CAT  \\$aIPL-CLA$c20160331$lBLL01$h1819
=CAT  \\$aBATCH-UPD$b00$c20160413$lBLL01$h1829
=CAT  \\$aBATCH-UPD$b00$c20160519$lBLL01$h1025
=CAT  \\$aBATCH-UPD$b00$c20160524$lBLL01$h2200
=CAT  \\$a5552$b40$c20170127$lBLL01$h1537
=CAT  \\$aW1711-1005$c20171206$lBLL01$h1828
=CAT  \\$a8323$b40$c20190319$lBLL01$h0808
=CAT  \\$a12654$b40$c20210324$lBLL01$h0900
=CFI  0\$aCurrent copyright fee: GBP32.00$c20\0$e01-apr-2016$fGBP32.00$g0$hP$5Uk
=CFI  2\$aPrevious copyright fee: GBP30.32$c20\0$e19-jan-2016$fGBP30.32$g0$hP$5Uk
=FFP  \\$aY$bBLDSS-3PM
=FIN  \\$aY$d20150612
=LET  \0$aCurrent opinion in oncology (Electronic)
=LKR  \\$aPAR$b008908280$lBLL01$nCurrent opinion in oncology (Print)$mCurrent opinion in oncology (Online)$r776
=MNI  \\$a1040-8746
=TOC  \\$aETOC
=UNO  \\$aY
=LAS  \\$a12654$b40$c20210324$lBLL01$h0900

