=LDR  03706cas a2200913 a 4500
=001  017364057
=003  Uk
=005  20210324091653.0
=006  m\\\\\\\\d\\\\\\\\
=007  cr\mnu||||||||
=008  970514c19909999paubr\pso\\\\\0\\\a0eng\c
=FMT  \\$a  SE
=010  \\$a   00212774 
=015  \\$aGBB592904$2bnb
=022  0\$a1531-7021$l1040-8738$y1040-8738
=035  \\$a(OCoLC)36903873
=037  \\$aISSN_10408738$bPortico$nLippincott Williams & Wilkins
=040  \\$aOCoLC$beng$cOCoLC$dOCoLC$dNSDP$dOCoLC$dNBuU-H$dOCoLC$dPPiU-H$dOCoLC$dNBuU$dOCoLC$dUk
=042  \\$aukblsr
=050  \4$aRE1
=060  \4$aW1$bCU799GGC
=082  04$a617.7$223
=130  0\$aCurrent opinion in ophthalmology (Online)
=210  0\$aCurr. opin. ophthalmol.$b(Online)
=222  \0$aCurrent opinion in ophthalmology$b(Online)
=245  10$aCurrent opinion in ophthalmology$h[electronic resource].
=260  \\$aPhiladelphia, PA :$bCurrent Science,$c[1990]-
=260  2\$a[Oxford] :$bRapid Science Publishers
=260  3\$aPhiladelphia, PA :$bLippincott Williams & Wilkins
=310  \\$aBimonthly
=336  \\$atext$2rdacontent
=337  \\$acomputer$2rdamedia
=338  \\$aonline resource$2rdacarrier
=362  1\$aBegan with vol. 1, issue 1 (Feb. 1990).
=588  \\$aDescription based on: Vol. 6, no. 1 (1995); title from journal information screen.
=588  \\$aLatest issue consulted: volume 26, issue 4 (July 2015) (Wolters Kluwer Health, viewed July 10, 2015).
=538  \\$aMode of access: World Wide Web.
=540  \\$aCurrent copyright fee: GBP32.00$c20\0$5Uk
=650  \0$aOphthalmology$vPeriodicals.
=650  \2$aEye Diseases$vIndexes.
=650  \2$aEye Diseases$vPeriodicals.
=650  \2$aReview Literature$vIndexes.
=650  \2$aReview Literature$vPeriodicals.
=650  \2$aVision Disorders$vIndexes.
=650  \2$aVision Disorders$vPeriodicals.
=776  08$iAlso issued in print as:$tCurrent opinion in ophthalmology$x1040-8738
=859  \\$aELD$bejournal
=856  \\$31850-9999$uhttp://journals.lww.com/pages/default.aspx$xBLDSS
=856  4\$uhttp://journals.lww.com/co-ophthalmology/Pages/default.aspx
=852  41$aBritish Library$bSTI$jELD Digital store$3Volume 26:Issue 1(2015:Jan.)-
=852  \\$aBritish Library$bDSC$j3500.776500$3Volume 32:Issue 3(2021)-
=945  \\$aCurrent opinion in ophthalmology.
=959  \\$fCurrently received
=CAT  \\$a8411$b40$c20150518$lBLL01$h1044
=CAT  \\$a8411$b40$c20150518$lBLL01$h1109
=CAT  \\$aBATCH-CLA$b00$c20150529$lBLL01$h1529
=CAT  \\$aIPL-CLA$c20150630$lBLL01$h1725
=CAT  \\$a11205$b40$c20150710$lBLL01$h0955
=CAT  \\$a5552$b40$c20160119$lBLL01$h1223
=CAT  \\$aBLDSS-3PM$b00$c20160201$lBLL01$h1812
=CAT  \\$aBATCH-UPD$b00$c20160217$lBLL01$h1713
=CAT  \\$aIPL-CLA$c20160331$lBLL01$h1819
=CAT  \\$aBATCH-UPD$b00$c20160413$lBLL01$h1829
=CAT  \\$aBATCH-UPD$b00$c20160519$lBLL01$h1100
=CAT  \\$aBATCH-UPD$b00$c20160524$lBLL01$h2200
=CAT  \\$a5552$b40$c20170127$lBLL01$h1539
=CAT  \\$aW1711-1005$c20171206$lBLL01$h1828
=CAT  \\$a12654$b40$c20210324$lBLL01$h0916
=CFI  0\$aCurrent copyright fee: GBP32.00$c20\0$e01-apr-2016$fGBP32.00$g0$hP$5Uk
=CFI  2\$aPrevious copyright fee: GBP30.32$c20\0$e19-jan-2016$fGBP30.32$g0$hP$5Uk
=FFP  \\$aY$bBLDSS-3PM
=FIN  \\$aY$d20150710
=LET  \0$aCurrent opinion in ophthalmology (Electronic)
=LKR  \\$aPAR$b008416329$lBLL01$nCurrent opinion in ophthalmology (Print)$mCurrent opinion in ophthalmology (Online)$r776
=MNI  \\$a1040-8738
=SRC  \\$aBLL02
=TOC  \\$aETOC
=UNO  \\$aY
=LAS  \\$a12654$b40$c20210324$lBLL01$h0916

