=LDR  03229cas a2200781 i 4500
=001  017364069
=003  Uk
=005  20210324092704.0
=006  m\\\\\|\\d\|\\\\\\
=007  cr\|||||||||||
=008  150518c19969999enkbr\p\o\\\\\0\\\a0eng\\
=FMT  \\$a  SE
=015  \\$aGBB575877$2bnb
=022  0\$a1531-7013
=037  \\$aISSN_10872418$bPortico$nLippincott Williams & Wilkins
=040  \\$aUk$beng$cUk$erda
=042  \\$aukblsr
=082  04$a617.954$223
=210  0\$aCurr. opin. organ transpl.$b(Online)
=222  \0$aCurrent opinion in organ transplantation$b(Online)
=245  00$aCurrent opinion in organ transplantation.
=264  \1$aPhiladelphia, PA :$bRapid Science Publishers,$c[1996]-
=264  31$32006-$aLondon :$bLippincott Williams & Wilkins
=310  \\$aBimonthly
=336  \\$atext$2rdacontent
=337  \\$acomputer$2rdamedia
=338  \\$aonline resource$2rdacarrier
=362  1\$aPrint began in 1996.
=500  \\$aOn cover: Wolters Kluwer Health.
=588  \\$aDescription based on print version record.
=588  \\$aLatest issue consulted: volume 20, issue 3 (June 2015) (Wolters Kluwer Health, viewed June 12, 2015).
=540  \\$aCurrent copyright fee: GBP32.00$c20\0$5Uk
=650  \0$aTransplantation of organs, tissues, etc.$vPeriodicals.
=650  \0$aImmunosuppression$vPeriodicals.
=650  \0$aTransplantation immunology$vPeriodicals.
=776  08$iAlso issued in print as:$tCurrent opinion in organ transplantation$x1087-2418
=859  \\$aELD$bejournal
=856  \\$31850-9999$uhttp://journals.lww.com/pages/default.aspx$xBLDSS
=856  40$uhttp://journals.lww.com/co-transplantation/pages/default.aspx
=852  41$aBritish Library$bSTI$jELD Digital store$3Volume 20:Issue 1(2015:Feb.)-
=852  \\$aBritish Library$bDSC$j3500.776520$3Volume 26:Issue 2(2021)-
=945  \\$aCurrent opinion in organ transplantation.
=959  \\$fCurrently received
=CAT  \\$a8411$b40$c20150518$lBLL01$h1056
=CAT  \\$a8411$b40$c20150518$lBLL01$h1102
=CAT  \\$aBATCH-CLA$b00$c20150529$lBLL01$h1529
=CAT  \\$a11205$b40$c20150612$lBLL01$h1320
=CAT  \\$aIPL-CLA$c20150630$lBLL01$h1725
=CAT  \\$a5552$b40$c20160119$lBLL01$h1223
=CAT  \\$aBLDSS-3PM$b00$c20160201$lBLL01$h1812
=CAT  \\$aBATCH-UPD$b00$c20160217$lBLL01$h1713
=CAT  \\$aIPL-CLA$c20160331$lBLL01$h1819
=CAT  \\$aBATCH-UPD$b00$c20160413$lBLL01$h1829
=CAT  \\$aBATCH-UPD$b00$c20160524$lBLL01$h2200
=CAT  \\$aBATCH-UPD$b00$c20160524$lBLL01$h2307
=CAT  \\$a5552$b40$c20170127$lBLL01$h1540
=CAT  \\$aW1711-1005$c20171206$lBLL01$h1828
=CAT  \\$a12654$b40$c20210324$lBLL01$h0927
=CFI  0\$aCurrent copyright fee: GBP32.00$c20\0$e01-apr-2016$fGBP32.00$g0$hP$5Uk
=CFI  2\$aPrevious copyright fee: GBP30.32$c20\0$e19-jan-2016$fGBP30.32$g0$hP$5Uk
=FFP  \\$aY$bBLDSS-3PM
=FIN  \\$aY$d20150612
=LET  \0$aCurrent opinion in organ transplantation (Electronic)
=LKR  \\$aPAR$b007160322$lBLL01$nCurrent opinion in organ transplantation (Print)$mCurrent opinion in organ transplantation (Online)$r776
=MNI  \\$a1087-2418
=TOC  \\$aETOC
=UNO  \\$aY
=LAS  \\$a12654$b40$c20210324$lBLL01$h0927

