=LDR  03603cas a2200889 a 4500
=001  017364086
=003  Uk
=005  20210324105152.0
=006  m\\\\\o\\d\\\\\\\\
=007  cr\cnu||||||||
=008  040907c19899999nyumr\pso\\\\\0\\\a0eng\c
=FMT  \\$a  SE
=010  \\$a  2004215666
=015  \\$aGBB572250$2bnb
=022  0\$a1552-3624$l1054-0725$21
=035  \\$a(OCoLC)56430461
=037  \\$aISSN_10540725$bPortico$nLippincott Williams & Wilkins
=040  \\$aNSD$beng$cNSD$dPFM$dOCLCQ$dOCLCF$dOCLCO$dOCLCQ$dUk
=042  \\$aukblsr
=050  10$aISSN RECORD
=082  04$a616.02505$223
=130  0\$aEmergency medicine news (Online)
=222  \0$aEmergency medicine news$b(Online)
=245  10$aEmergency medicine news$h[electronic resource].
=260  \\$aNew York, NY :$bLippincott, William & Wilkins,$c[1989]-
=310  \\$aMonthly
=336  \\$atext$2rdacontent
=337  \\$acomputer$2rdamedia
=338  \\$aonline resource$2rdacarrier
=362  1\$aPrint began in 1989.
=530  \\$aAlso issued in print.
=580  \\$aPrint continues: Emergency medicine & ambulatory care news.
=588  \\$aDescription based on: Vol. 26, no. 6 (June 2004); title from caption (publisher's Web site, viewed Sept. 3, 2004).
=588  \\$aLatest issue consulted: Volume 37, issue 6 (June 2015) (viewed June 3, 2015).
=540  \\$aCurrent copyright fee: GBP32.00$c20\0$5Uk
=650  \0$aEmergency medicine$vPeriodicals.
=650  \2$aEmergency Medicine$vPeriodicals.
=650  \7$aEmergency medicine.$2fast$0(OCoLC)fst00908615
=655  \7$aPeriodicals.$2fast$0(OCoLC)fst01411641
=776  1\$tEmergency medicine news$x1054-0725
=780  00$tEmergency medicine & ambulatory care news
=859  \\$aELD$bejournal
=856  \\$31850-9999$uhttp://journals.lww.com/pages/default.aspx$xBLDSS
=856  40$uhttp://gateway.ovid.com/ovidweb.cgi?T=JS&MODE=ovid&PAGE=toc&D=ovft&AN=00132981-000000000-00000
=856  40$uhttp://journals.lww.com/em-news/pages/default.aspx
=856  40$uhttp://www.EM-News.com
=852  41$aBritish Library$bHMNTS$jELD Digital store$3Volume 37:Issue 1(2015:Jan.)-
=852  \\$aBritish Library$bDSC$j3733.190450$3Volume 43:Issue 7(2021)-
=945  \\$aEmergency medicine news.
=959  \\$fCurrently received
=CAT  \\$a8311$b40$c20150518$lBLL01$h1113
=CAT  \\$aBATCH-CLA$b00$c20150529$lBLL01$h1529
=CAT  \\$a8124$b40$c20150603$lBLL01$h0937
=CAT  \\$a8124$b40$c20150603$lBLL01$h0939
=CAT  \\$aIPL-CLA$c20150630$lBLL01$h1725
=CAT  \\$a5552$b40$c20160119$lBLL01$h1219
=CAT  \\$aBLDSS-3PM$b00$c20160201$lBLL01$h1812
=CAT  \\$aBATCH-UPD$b00$c20160217$lBLL01$h1713
=CAT  \\$aIPL-CLA$c20160331$lBLL01$h1819
=CAT  \\$aBATCH-UPD$b00$c20160413$lBLL01$h1829
=CAT  \\$aBATCH-UPD$b00$c20160524$lBLL01$h2200
=CAT  \\$aBATCH-UPD$b00$c20160524$lBLL01$h2307
=CAT  \\$a6490$b40$c20170302$lBLL01$h1409
=CAT  \\$a10806$b40$c20171018$lBLL01$h1457
=CAT  \\$aW1711-1005$c20171206$lBLL01$h1828
=CAT  \\$a12654$b40$c20210324$lBLL01$h1051
=CFI  0\$aCurrent copyright fee: GBP32.00$c20\0$e01-apr-2016$fGBP32.00$g0$hP$5Uk
=CFI  2\$aPrevious copyright fee: GBP30.32$c20\0$e19-jan-2016$fGBP30.32$g0$hP$5Uk
=FFP  \\$aY$bBLDSS-3PM
=FIN  \\$aY$d20150603
=LET  \0$aEmergency medicine news (Electronic)
=LKR  \\$aPAR$b007850518$lBLL01$nEmergency medicine news (Print)$mEmergency medicine news (Online)$r776
=MNI  \\$a1054-0725
=SID  \\$aZ39$bOCLC
=TOC  \\$aETOC
=UNO  \\$aY
=LAS  \\$a12654$b40$c20210324$lBLL01$h1051

