=LDR  03297cas a2200781 i 4500
=001  017364090
=003  Uk
=005  20210324093536.0
=006  m\\\\\|\\d\|\\\\\\
=007  cr\|||||||||||
=008  150518c19939999enkbr\p\o\\\\\0\\\a0eng\\
=FMT  \\$a  SE
=015  \\$aGBB572412$2bnb
=022  \\$a1531-6998$y1068-9508
=037  \\$aISSN_10689508$bPortico$nLippincott Williams & Wilkins
=040  \\$aUk$beng$cUk$dUk$erda
=042  \\$aukblsr
=082  04$a617.51$223
=222  \0$aCurrent opinion in otolaryngology & head and neck surgery$b(Online)
=245  00$aCurrent opinion in otolaryngology & head and neck surgery.
=260  \\$aPhiladelphia, P.A. :$bCurrent Science,$c1993-
=260  2\$32006-$aLondon :$bLippincott Williams & Wilkins
=264  31$a[London] :$bWolters Kluwer Health
=310  \\$aBi-monthly
=336  \\$atext$2rdacontent
=337  \\$acomputer$2rdamedia
=338  \\$aonline resource$2rdacarrier
=362  1\$aPrint began in 1993.
=588  \\$aDescription based on print version record.
=588  \\$aLatest issue consulted: volume 23, issue 3 (June 2015) (Publisher's website, viewed June 4, 2015).
=540  \\$aCurrent copyright fee: GBP32.00$c20\0$5Uk
=650  \0$aOtolaryngology$vPeriodicals.
=650  \0$aNeck$xSurgery$vPeriodicals.
=650  \0$aHead$xSurgery$vPeriodicals.
=776  08$iAlso issued in print as:$tCurrent opinion in otolaryngology & head and neck surgery$x1068-9508
=859  \\$aELD$bejournal
=856  \\$31850-9999$uhttp://journals.lww.com/pages/default.aspx$xBLDSS
=856  40$uhttp://journals.lww.com/co-otolaryngology/Pages
=852  41$aBritish Library$bSTI$jELD Digital store$3Volume 23:Issue 1(2015:Feb.)-
=852  \\$aBritish Library$bDSC$j3500.776700$3Volume 29:Issue 2(2021)-
=945  \\$aCurrent opinion in otolaryngology and head and neck surgery.
=959  \\$fCurrently received
=CAT  \\$a8411$b40$c20150518$lBLL01$h1116
=CAT  \\$aBATCH-CLA$b00$c20150529$lBLL01$h1529
=CAT  \\$a5110$b40$c20150604$lBLL01$h1350
=CAT  \\$aIPL-CLA$c20150630$lBLL01$h1725
=CAT  \\$aBATCH-UPD$b00$c20150822$lBLL01$h0402
=CAT  \\$a5552$b40$c20160119$lBLL01$h1218
=CAT  \\$aBLDSS-3PM$b00$c20160201$lBLL01$h1812
=CAT  \\$aBATCH-UPD$b00$c20160217$lBLL01$h1713
=CAT  \\$aIPL-CLA$c20160331$lBLL01$h1819
=CAT  \\$aBATCH-UPD$b00$c20160413$lBLL01$h1829
=CAT  \\$aBATCH-UPD$b00$c20160519$lBLL01$h1404
=CAT  \\$aBATCH-UPD$b00$c20160524$lBLL01$h2200
=CAT  \\$a5552$b40$c20170127$lBLL01$h1541
=CAT  \\$a10806$b40$c20171018$lBLL01$h1456
=CAT  \\$aW1711-1005$c20171206$lBLL01$h1828
=CAT  \\$a12654$b40$c20210324$lBLL01$h0935
=CFI  0\$aCurrent copyright fee: GBP32.00$c20\0$e01-apr-2016$fGBP32.00$g0$hP$5Uk
=CFI  2\$aPrevious copyright fee: GBP30.32$c20\0$e19-jan-2016$fGBP30.32$g0$hP$5Uk
=FFP  \\$aY$bBLDSS-3PM
=FIN  \\$aY$d20150604
=LET  \0$aCurrent opinion in otolaryngology & head and neck surgery (Electronic)
=LKR  \\$aPAR$b007160324$lBLL01$nCurrent opinion in otolaryngology & head and neck surgery (Print)$mCurrent opinion in otolaryngology & head and neck surgery (Online)$r776
=MNI  \\$a1068-9508
=TOC  \\$aETOC
=UNO  \\$aY
=LAS  \\$a12654$b40$c20210324$lBLL01$h0935

