=LDR  03110cas a2200769 i 4500
=001  017364113
=003  Uk
=005  20210324094247.0
=006  m\\\\\|\\d\|\\\\\\
=007  cr\|||||||||||
=008  150518c19899999enkbr\p\o\\\\\0\\\a0eng\\
=FMT  \\$a  SE
=015  \\$aGBB572433$2bnb
=022  \\$a1531-698X$y1040-8703
=037  \\$aISSN_10408703$bPortico$nLippincott Williams & Wilkins
=040  \\$aUk$beng$cUk$dUk$erda
=042  \\$aukblsr
=082  04$a618.92$223
=222  \0$aCurrent opinion in pediatrics$b(Online)
=245  00$aCurrent opinion in pediatrics.
=260  \\$aPhiladelphia :$bCurrent Science,$c1989-
=264  21$32014-$aLondon :$bLippincott Williams & Wilkins
=264  31$a[London] :$bWolters Kluwer Health
=310  \\$aBi-monthly
=336  \\$atext$2rdacontent
=337  \\$acomputer$2rdamedia
=338  \\$aonline resource$2rdacarrier
=362  1\$aPrint began with volume 1, issue 1 (February 1989).
=588  \\$aDescription based on print version record.
=588  \\$aLatest issue consulted: volume 27, issue 3 (June 2015) (Publishers' website, viewed June 4, 2015).
=540  \\$aCurrent copyright fee: GBP32.00$c20\0$5Uk
=650  \0$aPediatrics$vPeriodicals.
=650  \0$aPediatrics$xPeriodicals$xBibliography$vPeriodicals.
=776  08$iAlso issued in print as:$tCurrent opinion in pediatrics.$x1040-8703
=859  \\$aELD$bejournal
=856  \\$31850-9999$uhttp://journals.lww.com/pages/default.aspx$xBLDSS
=856  40$uhttp://journals.lww.com/co-pediatrics/pages/default.aspx
=852  41$aBritish Library$bSTI$jELD Digital store$3Volume 27:Issue 1(2015:Feb.)-
=852  \\$aBritish Library$bDSC$j3500.776800$3Volume 33:Issue 2(2021)-
=945  \\$aCurrent opinion in pediatrics.
=959  \\$fCurrently received
=CAT  \\$a8411$b40$c20150518$lBLL01$h1140
=CAT  \\$aBATCH-CLA$b00$c20150529$lBLL01$h1529
=CAT  \\$a5110$b40$c20150604$lBLL01$h1541
=CAT  \\$aIPL-CLA$c20150630$lBLL01$h1725
=CAT  \\$aBATCH-UPD$b00$c20150822$lBLL01$h0402
=CAT  \\$a5552$b40$c20160119$lBLL01$h1218
=CAT  \\$aBLDSS-3PM$b00$c20160201$lBLL01$h1812
=CAT  \\$aBATCH-UPD$b00$c20160217$lBLL01$h1713
=CAT  \\$aIPL-CLA$c20160331$lBLL01$h1819
=CAT  \\$aBATCH-UPD$b00$c20160413$lBLL01$h1829
=CAT  \\$aBATCH-UPD$b00$c20160524$lBLL01$h2200
=CAT  \\$aBATCH-UPD$b00$c20160524$lBLL01$h2307
=CAT  \\$a5552$b40$c20170127$lBLL01$h1543
=CAT  \\$aW1711-1005$c20171206$lBLL01$h1828
=CAT  \\$a12654$b40$c20210324$lBLL01$h0941
=CAT  \\$a12654$b40$c20210324$lBLL01$h0942
=CFI  0\$aCurrent copyright fee: GBP32.00$c20\0$e01-apr-2016$fGBP32.00$g0$hP$5Uk
=CFI  2\$aPrevious copyright fee: GBP30.32$c20\0$e19-jan-2016$fGBP30.32$g0$hP$5Uk
=FFP  \\$aY$bBLDSS-3PM
=FIN  \\$aY$d20150604
=LET  \0$aCurrent opinion in pediatrics (Electronic)
=LKR  \\$aPAR$b012485617$lBLL01$nCurrent opinion in pediatrics (Print)$mCurrent opinion in pediatrics (Online)$r776
=MNI  \\$a1040-8703
=TOC  \\$aETOC
=UNO  \\$aY
=LAS  \\$a12654$b40$c20210324$lBLL01$h0942

