=LDR  03127cas a2200757 i 4500
=001  017364128
=003  Uk
=005  20210324095746.0
=006  m\\\\\|\\d\|\\\\\\
=007  cr\|||||||||||
=008  150518c19959999enkbr\p\o\\\\\0\\\a0eng\\
=FMT  \\$a  SE
=015  \\$aGBB572446$2bnb
=022  \\$a1531-6971$y1070-5287
=037  \\$aISSN_10705287$bPortico$nLippincott Williams & Wilkins
=040  \\$aUk$beng$cUk$dUk$erda
=042  \\$aukblsr
=082  04$a616.24$223
=222  \0$aCurrent opinion in pulmonary medicine$b(Online)
=245  00$aCurrent opinion in pulmonary medicine.
=260  \\$aPhiladelphia, Pa. :$bCurrent Science,$c1995-
=260  2\$32006-$aLondon :$bLippincott Williams & Wilkins
=264  31$a[London] :$bWolters Kluwer Health
=310  \\$aBi-monthly
=336  \\$atext$2rdacontent
=337  \\$acomputer$2rdamedia
=338  \\$aonline resource$2rdacarrier
=362  1\$aPrint began with volume 1, number 1 (January 1995).
=588  \\$aDescription based on print version record.
=588  \\$aLatest issue consulted: volume 21, issue 4 (July 2015) (Publisher's website, viewed June 4, 2015).
=540  \\$aCurrent copyright fee: GBP32.00$c20\0$5Uk
=650  \0$aRespiratory organs$xDiseases$vPeriodicals.
=776  08$iAlso issued in print as:$tCurrent opinion in pulmonary medicine$x1070-5287
=859  \\$aELD$bejournal
=856  \\$31850-9999$uhttp://journals.lww.com/pages/default.aspx$xBLDSS
=856  40$uhttp://journals.lww.com/co-pulmonarymedicine/pages/default.aspx
=852  41$aBritish Library$bSTI$jELD Digital store$3Volume 21:Issue 1(2015:Jan.)-
=852  \\$aBritish Library$bDSC$j3500.777200$3Volume 27:Issue 1(2021)-
=945  \\$aCurrent opinion in pulmonary medicine.
=959  \\$fCurrently received
=CAT  \\$a8411$b40$c20150518$lBLL01$h1201
=CAT  \\$aBATCH-CLA$b00$c20150529$lBLL01$h1529
=CAT  \\$a5110$b40$c20150604$lBLL01$h1603
=CAT  \\$aIPL-CLA$c20150630$lBLL01$h1725
=CAT  \\$aBATCH-UPD$b00$c20150822$lBLL01$h0402
=CAT  \\$a5552$b40$c20160119$lBLL01$h1218
=CAT  \\$aBLDSS-3PM$b00$c20160201$lBLL01$h1812
=CAT  \\$aBATCH-UPD$b00$c20160217$lBLL01$h1713
=CAT  \\$aIPL-CLA$c20160331$lBLL01$h1819
=CAT  \\$aBATCH-UPD$b00$c20160413$lBLL01$h1829
=CAT  \\$aBATCH-UPD$b00$c20160524$lBLL01$h2200
=CAT  \\$aBATCH-UPD$b00$c20160524$lBLL01$h2307
=CAT  \\$a5552$b40$c20170127$lBLL01$h1545
=CAT  \\$a10806$b40$c20171018$lBLL01$h1455
=CAT  \\$aW1711-1005$c20171206$lBLL01$h1828
=CAT  \\$a12654$b40$c20210324$lBLL01$h0957
=CFI  0\$aCurrent copyright fee: GBP32.00$c20\0$e01-apr-2016$fGBP32.00$g0$hP$5Uk
=CFI  2\$aPrevious copyright fee: GBP30.32$c20\0$e19-jan-2016$fGBP30.32$g0$hP$5Uk
=FFP  \\$aY$bBLDSS-3PM
=FIN  \\$aY$d20150604
=LET  \0$aCurrent opinion in pulmonary medicine (Electronic)
=LKR  \\$aPAR$b007160326$lBLL01$nCurrent opinion in pulmonary medicine (Print)$mCurrent opinion in pulmonary medicine (Online)$r776
=MNI  \\$a1070-5287
=TOC  \\$aETOC
=UNO  \\$aY
=LAS  \\$a12654$b40$c20210324$lBLL01$h0957

