=LDR  03264cas a2200793 a 4500
=001  017364168
=003  Uk
=005  20210324103713.0
=006  m\\\\\|\\d\|\\\\\\
=007  cr\|||||||||||
=008  080319c20089999enkbr\p\o\\\\\0\\\a0eng\c
=FMT  \\$a  SE
=010  \\$a  2008215189
=015  \\$aGBB592730$2bnb
=022  \\$a1941-7551$l1940-7041$y1940-7041
=035  \\$a(OCoLC)213471640
=037  \\$aISSN_19407041$bPortico$nLippincott Williams & Wilkins
=040  \\$aNSDP$beng$cNSDP$dNBuU-H$dNLGGC$dNSDP$dCaQMM$dOCoLC$dOCLCO$dOCoLC$dUk
=042  \\$aukblsr
=050  14$aRD701
=082  04$a616.7005$223
=130  0\$aCurrent orthopaedic practice (Online)
=222  \0$aCurrent orthopaedic practice$b(Online)
=245  10$aCurrent orthopaedic practice$h[electronic resource].
=246  13$aCurrent orthopedic practice
=260  \\$aLondon :$bLippincott Williams & Wilkins
=310  \\$aBimonthly
=336  \\$atext$2rdacontent
=337  \\$acomputer$2rdamedia
=338  \\$aonline resource$2rdacarrier
=362  1\$aBegan with vol. 19, no. 2 (Apr. 2008).
=588  \\$aDescription based on first issue; title from journal homepage (LWWOnline, viewed May 8, 2008).
=588  \\$aLatest issue consulted: volume 26, number 4 (July/August 2015) (Ovid, viewed July 7, 2015).
=540  \\$aCurrent copyright fee: GBP32.00$c20\0$5Uk
=650  \0$aOrthopedics$vPeriodicals.
=776  08$iPrint version:$tCurrent orthopaedic practice$x1940-7041
=780  00$tCurrent opinion in orthopaedics (Online)$x1531-7005
=859  \\$aELD$bejournal
=856  \\$31850-9999$uhttp://journals.lww.com/pages/default.aspx$xBLDSS
=856  40$uhttp://ovidsp.ovid.com/ovidweb.cgi?T=JS&NEWS=N&PAGE=toc&SEARCH=01337441-000000000-00000.kc&LINKTYPE=asBody&LINKPOS=1&D=ovft
=856  40$uhttp://www.c-orthopaedicpractice.com
=852  41$aBritish Library$bSTI$jELD Digital store$3Volume 26:Issue 1(2015:Jan./Feb.)-
=852  \\$aBritish Library$bDSC$j3500.835000$3Volume 33:Issue 2(2022)-
=945  \\$aCurrent orthopaedic practice.
=959  \\$fCurrently received
=CAT  \\$a8411$b40$c20150518$lBLL01$h1333
=CAT  \\$aBATCH-CLA$b00$c20150529$lBLL01$h1529
=CAT  \\$aIPL-CLA$c20150630$lBLL01$h1725
=CAT  \\$a8323$b40$c20150708$lBLL01$h0842
=CAT  \\$a5552$b40$c20160119$lBLL01$h1218
=CAT  \\$aBLDSS-3PM$b00$c20160201$lBLL01$h1812
=CAT  \\$aBATCH-UPD$b00$c20160217$lBLL01$h1713
=CAT  \\$aIPL-CLA$c20160331$lBLL01$h1819
=CAT  \\$aBATCH-UPD$b00$c20160413$lBLL01$h1829
=CAT  \\$aBATCH-UPD$b00$c20160524$lBLL01$h2200
=CAT  \\$aBATCH-UPD$b00$c20160524$lBLL01$h2307
=CAT  \\$a5552$b40$c20170130$lBLL01$h0840
=CAT  \\$aW1711-1005$c20171206$lBLL01$h1828
=CAT  \\$a12654$b40$c20210324$lBLL01$h1037
=CFI  0\$aCurrent copyright fee: GBP32.00$c20\0$e01-apr-2016$fGBP32.00$g0$hP$5Uk
=CFI  2\$aPrevious copyright fee: GBP30.32$c20\0$e19-jan-2016$fGBP30.32$g0$hP$5Uk
=FFP  \\$aY$bBLDSS-3PM
=FIN  \\$aY$d20150708
=LKR  \\$aPAR$b014610008$lBLL01$nCurrent orthopaedic practice (Print)$mCurrent orthopaedic practice (Online)$r776
=MNI  \\$a1940-7041
=SRC  \\$aBLL02
=TOC  \\$aETOC
=UNO  \\$aY
=LAS  \\$a12654$b40$c20210324$lBLL01$h1037

