=LDR  02916cas a2200757 i 4500
=001  017364222
=003  Uk
=005  20210324104441.0
=006  m\\\\\|\\d\|\\\\\\
=007  cr\|||||||||||
=008  150518c19809999enkbr\p\o\\\\\0\\\a0eng\\
=FMT  \\$a  SE
=015  \\$aGBB575662$2bnb
=022  \\$a1538-4667$y0196-0202
=037  \\$aISSN_01960202$bPortico$nLippincott Williams & Wilkins
=040  \\$aUk$beng$cUk$dUk$erda
=042  \\$aukblsr
=082  04$a612.85$223
=222  \0$aEar and hearing$b(Online)
=245  00$aEar and hearing.
=260  \\$aBaltimore, Md. :$bWilliams & Wilkins,$c1980-
=260  2\$aHagerstown, Md. :$bLippincott Williams & Wilkins
=264  31$a[London] :$bWolters Kluwer
=310  \\$aBi-monthly
=336  \\$atext$2rdacontent
=337  \\$acomputer$2rdamedia
=338  \\$aonline resource$2rdacarrier
=362  1\$aPrint began in 1980.
=588  \\$aDescription based on print version record.
=588  \\$aLatest issue consulted: volume 36, issue 3 (May/June 2015) (publisher's website viewed June 10, 2015).
=540  \\$aCurrent copyright fee: GBP32.00$c20\0$5Uk
=650  \0$aHearing disorders$vPeriodicals.
=650  \0$aAudiology$vPeriodicals.
=710  2\$aAmerican Auditory Society,$eissuing body.
=776  08$iAlso issued in print as:$tEar and hearing$x0196-0202
=859  \\$aELD$bejournal
=856  \\$31850-9999$uhttp://journals.lww.com/pages/default.aspx$xBLDSS
=856  40$uhttp://journals.lww.com/ear-hearing/toc/
=852  41$aBritish Library$bSTI$jELD Digital store$3Volume 36:Issue 1(2015:Jan./Feb.)-
=852  \\$aBritish Library$bDSC$j3642.866000$3Volume 42:Issue 3(2021)-
=945  \\$aEar and hearing.
=959  \\$fCurrently received
=CAT  \\$a8411$b40$c20150518$lBLL01$h1428
=CAT  \\$aBATCH-CLA$b00$c20150529$lBLL01$h1529
=CAT  \\$a5110$b40$c20150610$lBLL01$h1405
=CAT  \\$aIPL-CLA$c20150630$lBLL01$h1725
=CAT  \\$aBATCH-UPD$b00$c20150822$lBLL01$h0327
=CAT  \\$a5552$b40$c20160119$lBLL01$h1218
=CAT  \\$aBLDSS-3PM$b00$c20160201$lBLL01$h1812
=CAT  \\$aBATCH-UPD$b00$c20160217$lBLL01$h1713
=CAT  \\$aIPL-CLA$c20160331$lBLL01$h1819
=CAT  \\$aBATCH-UPD$b00$c20160413$lBLL01$h1829
=CAT  \\$aBATCH-UPD$b00$c20160522$lBLL01$h2354
=CAT  \\$aBATCH-UPD$b00$c20160524$lBLL01$h2200
=CAT  \\$a5552$b40$c20170131$lBLL01$h1028
=CAT  \\$aW1711-1005$c20171206$lBLL01$h1828
=CAT  \\$a12654$b40$c20210324$lBLL01$h1044
=CFI  0\$aCurrent copyright fee: GBP32.00$c20\0$e01-apr-2016$fGBP32.00$g0$hP$5Uk
=CFI  2\$aPrevious copyright fee: GBP30.32$c20\0$e19-jan-2016$fGBP30.32$g0$hP$5Uk
=FFP  \\$aY$bBLDSS-3PM
=FIN  \\$aY$d20150610
=LKR  \\$aPAR$b007844002$lBLL01$nEar and hearing (Print)$mEar and hearing (Online)$r776
=MNI  \\$a0196-0202
=TOC  \\$aETOC
=UNO  \\$aY
=LAS  \\$a12654$b40$c20210324$lBLL01$h1044

