=LDR  04127cas a2200985 a 4500
=001  017365886
=003  Uk
=005  20230202134444.0
=006  m\\\\\o\\d\\\\\\\\
=007  cr\|||||||||||
=008  050408c19789999xxuer\pso\\\\\0\\\a0eng\c
=FMT  \\$a  SE
=010  \\$a  2008213503
=015  \\$aGBB581969$2bnb
=022  \\$a1938-1395
=035  \\$a(OCoLC)58842408
=037  \\$aISSN_01499009$bPortico$nLippincott Williams & Wilkins
=040  \\$aSBH$beng$cSBH$dOCLCQ$dNSD$dOCLCQ$dMYG$dOCLCQ$dOCLCF$dOCLCA$dDLC$dOCL$dUk
=042  \\$ansdp$aukblsr
=050  10$aISSN RECORD
=050  \4$aRC78.A1$bC66 (Internet)
=082  10$a616.0757$223
=130  0\$aContemporary diagnostic radiology (Online)
=210  0\$aContemp. diagn. radiol.$b(Online)
=222  \0$aContemporary diagnostic radiology$b(Online)
=245  10$aContemporary diagnostic radiology$h[electronic resource].
=260  \\$aHagerstown, MD :$bLippincott Williams & Wilkins
=264  31$a[Philadelphia, PA] :$bWolters Kluwer Health
=310  \\$aBiweekly
=336  \\$atext$2rdacontent
=337  \\$acomputer$2rdamedia
=338  \\$aonline resource$2rdacarrier
=362  1\$aPrint began with vol. 1, no. 1 (1978).
=538  \\$aMode of access: World Wide Web.
=588  \\$aDescription based on: Vol. 28, no. 1 (Jan. 1, 2005); title from PDF caption (Journals@Ovid, viewed Apr. 8, 2005).
=588  \\$aLatest issue consulted: volume 38, issue 15 (July 15, 2015) (Wolters Kluwer, viewed June 24, 2015).
=540  \\$aCurrent copyright fee: GBP32.00$c20\0$5Uk
=650  \0$aMedical radiology$vPeriodicals.
=650  \0$aDiagnosis, Radioscopic$vPeriodicals.
=650  \2$aDiagnosis$vPeriodicals.
=650  \2$aRadiology$vPeriodicals.
=650  \7$aDiagnosis, Radioscopic.$2fast$0(OCoLC)fst00892327
=650  \7$aMedical radiology.$2fast$0(OCoLC)fst01088281
=655  \7$aPeriodicals.$2fast$0(OCoLC)fst01411641
=776  08$iAlso issued in print as:$tContemporary diagnostic radiology$x0149-9009
=859  \\$aELD$bejournal
=856  \\$31850-9999$uhttp://www.tandfonline.com/$xBLDSS
=856  40$uhttp://gateway.ovid.com/ovidweb.cgi?T=JS&MODE=ovid&NEWS=n&PAGE=toc&D=ovft&AN=00219246-000000000-00000
=856  40$uhttp://journals.lww.com/cdronline/pages/default.aspx
=852  41$aBritish Library$bHMNTS$jELD Digital store$3Volume 38:Number 1(2015:Jan. 01)-
=852  \\$aBritish Library$bDSC$j3425.178200$3Volume 45:Issue 10(2022)-
=945  \\$aContemporary diagnostic radiology.
=959  \\$fCurrently received
=CAT  \\$a10902$b40$c20150519$lBLL01$h1300
=CAT  \\$a10902$b40$c20150519$lBLL01$h1329
=CAT  \\$aBATCH-CLA$b00$c20150529$lBLL01$h1529
=CAT  \\$a5997$b40$c20150624$lBLL01$h1006
=CAT  \\$a5997$b40$c20150630$lBLL01$h1150
=CAT  \\$aIPL-CLA$c20150630$lBLL01$h1725
=CAT  \\$a5552$b40$c20150703$lBLL01$h0844
=CAT  \\$aBLDSS-3PM$b00$c20150709$lBLL01$h1851
=CAT  \\$aBATCH-UPD$b00$c20150820$lBLL01$h1825
=CAT  \\$aIPL-CLA$c20150930$lBLL01$h1855
=CAT  \\$aBATCH-UPD$b00$c20160217$lBLL01$h1713
=CAT  \\$aWR14_128$c20160226$lBLL01$h1632
=CAT  \\$aIPL-CLA$c20160331$lBLL01$h1819
=CAT  \\$aBATCH-UPD$b00$c20160413$lBLL01$h1829
=CAT  \\$aBATCH-UPD$b00$c20160519$lBLL01$h0948
=CAT  \\$aBATCH-UPD$b00$c20160524$lBLL01$h2200
=CAT  \\$a5552$b40$c20170125$lBLL01$h1044
=CAT  \\$aW1711-1005$c20171206$lBLL01$h1828
=CAT  \\$a12654$b40$c20210309$lBLL01$h1135
=CAT  \\$a8250$b40$c20230202$lBLL01$h1344
=CFI  0\$aCurrent copyright fee: GBP32.00$c20\0$e01-apr-2016$fGBP32.00$g0$hP$5Uk
=CFI  2\$aPrevious copyright fee: GBP30.32$c20\0$e01-oct-2015$fGBP30.32$g0$hP$5Uk
=FFP  \\$aY$bBLDSS-3PM
=FIN  \\$aY$d20150624
=LET  \0$aContemporary diagnostic radiology (Electronic)
=MNI  \\$a0149-9009
=SID  \\$aZ39$bOCLC
=TOC  \\$aETOC
=UNO  \\$aY
=ACF  \\$aPrevious Copyright Fee: GBP30.00$c0$e01-jul-2015$fGBP30.00$g0$hC$5Uk
=ACF  \\$aPrevious copyright fee: GBP31.33$c20\0$e03-jul-2015$fGBP31.33$g0$hP$5Uk
=LAS  \\$a8250$b40$c20230202$lBLL01$h1344

