=LDR  03728cas a2200913 a 4500
=001  017366012
=003  Uk
=005  20230202134517.0
=006  m\\\\\o\\d\\\\\\\\
=007  cr\|||||||||||
=008  050414c20009999xxumr\p\o\\\\\0\\\a0eng\\
=FMT  \\$a  SE
=010  \\$a  2011201361
=015  \\$aGBB581980$2bnb
=022  \\$a2161-1181
=035  \\$a(OCoLC)58994179
=037  \\$aISSN_15274268$bPortico$nLippincott Williams & Wilkins
=040  \\$aVPI$beng$cVPI$dSBH$dOCL$dOCLCQ$dMUQ$dOCLCQ$dDLC$dOCLCQ$dOCLCF$dUk
=042  \\$ansdp$aukblsr
=050  10$aISSN RECORD
=050  \4$aRD768$b.C66 (Internet)
=082  10$a617.471$223
=130  0\$aContemporary spine surgery (Online)
=210  0\$aContemp. spine surg.$b(Online)
=222  \0$aContemporary spine surgery$b(Online)
=245  10$aContemporary spine surgery$h[electronic resource].
=260  \\$aHagerstown, MD :$bLippincott Williams & Wilkins
=264  31$a[Philadelphia, PA] :$bWolters Kluwer Health
=310  \\$aMonthly
=336  \\$atext$2rdacontent
=337  \\$acomputer$2rdamedia
=338  \\$aonline resource$2rdacarrier
=362  1\$aBegan in 2000.
=538  \\$aMode of access: World Wide Web.
=588  \\$aDescription based on: Vol. 6(1) (Jan. 2005); title from journal description page (Journals@Ovid, viewed Apr. 12, 2005).
=588  \\$aLatest issue consulted: volume 37, issue 6 (March 15, 2015) (Wolters Kluwer, viewed June 24, 2015).
=540  \\$aCurrent copyright fee: GBP32.00$c20\0$5Uk
=650  \0$aSpine$xSurgery$vPeriodicals.
=650  12$aSpine$xsurgery$vPeriodicals.
=650  \6$aColonne vertébrale$xChirurgie$vPériodiques.
=650  \7$aSpine$xSurgery.$2fast$0(OCoLC)fst01129945
=655  \7$aPeriodicals.$2fast$0(OCoLC)fst01411641
=776  08$iAlso issued in print as :$tContemporary spine surgery$x1527-4268
=859  \\$aELD$bejournal
=856  \\$31850-9999$uhttp://journals.lww.com/pages/default.aspx$xBLDSS
=856  40$uhttp://gateway.ovid.com/ovidweb.cgi?T=JS&PAGE=toc&D=ovft&MODE=ovid&NEWS=N&AN=01075922-000000000-00000
=856  40$uhttp://journals.lww.com/contempneurosurg/pages/default.aspx
=856  40$uhttp://journals.lww.com/cssnewsletter/pages/default.aspx
=852  41$aBritish Library$bHMNTS$jELD Digital store$3Volume 16:Issue 1(2015:Jan.)-
=852  \\$aBritish Library$bDSC$j3425.305820$3Volume 23:Issue 10(2022)-
=945  \\$aContemporary spine surgery.
=959  \\$fCurrently received
=CAT  \\$a10902$b40$c20150519$lBLL01$h1559
=CAT  \\$aBATCH-CLA$b00$c20150529$lBLL01$h1529
=CAT  \\$a5997$b40$c20150624$lBLL01$h1121
=CAT  \\$a5997$b40$c20150630$lBLL01$h1129
=CAT  \\$aIPL-CLA$c20150630$lBLL01$h1725
=CAT  \\$a5552$b40$c20160119$lBLL01$h1211
=CAT  \\$aBLDSS-3PM$b00$c20160201$lBLL01$h1812
=CAT  \\$aBATCH-UPD$b00$c20160217$lBLL01$h1713
=CAT  \\$aWR14_128$c20160226$lBLL01$h1632
=CAT  \\$aIPL-CLA$c20160331$lBLL01$h1819
=CAT  \\$aBATCH-UPD$b00$c20160413$lBLL01$h1829
=CAT  \\$aBATCH-UPD$b00$c20160524$lBLL01$h2200
=CAT  \\$aBATCH-UPD$b00$c20160524$lBLL01$h2307
=CAT  \\$a5552$b40$c20170125$lBLL01$h1106
=CAT  \\$aW1711-1005$c20171206$lBLL01$h1828
=CAT  \\$a12654$b40$c20210309$lBLL01$h1223
=CAT  \\$a8250$b40$c20230202$lBLL01$h1345
=CFI  0\$aCurrent copyright fee: GBP32.00$c20\0$e01-apr-2016$fGBP32.00$g0$hP$5Uk
=CFI  2\$aPrevious copyright fee: GBP30.32$c20\0$e19-jan-2016$fGBP30.32$g0$hP$5Uk
=FFP  \\$aY$bBLDSS-3PM
=FIN  \\$aY$d20150624
=LET  \0$aContemporary spine surgery (Electronic)
=MNI  \\$a1527-4268
=SID  \\$aZ39$bOCLC
=TOC  \\$aETOC
=UNO  \\$aY
=LAS  \\$a8250$b40$c20230202$lBLL01$h1345

