=LDR  03943cas a2200973 a 4500
=001  017368275
=003  Uk
=005  20230208085551.0
=006  m\\\\\o\\d\\\\\\\\
=007  cr\cn|||||||||
=008  020115c19589999mdumr\pso\\\\\0\\\a0eng\c
=FMT  \\$a  SE
=010  \\$a  2002212811
=015  \\$aGBB572282$2bnb
=022  0\$a1538-5159$l0017-9078$21
=035  \\$a(OCoLC)48786252$z(OCoLC)60637500$z(OCoLC)173734071$z(OCoLC)300558286$z(OCoLC)562205708$z(OCoLC)655042072$z(OCoLC)655550755$z(OCoLC)656012425$z(OCoLC)697797770
=037  \\$aISSN_00179078$bPortico$nLippincott Williams & Wilkins
=040  \\$aCOU$beng$cCOU$dNSD$dOCLCQ$dDLC$dOCLCQ$dOCLCE$dYUS$dOCLCS$dOCLCQ$dOCLCO$dUk
=042  \\$aukblsr
=050  \4$aQH505.A1$bH4
=082  04$a612.01448$223
=130  0\$aHealth physics (Online)
=210  0\$aHealth phys.$b(Online)
=222  \0$aHealth physics$b(Online)
=245  10$aHealth physics$h[electronic resource] :$bthe radiation safety journal.
=246  30$aRadiation safety journal
=260  \\$aBaltimore, MD :$bLippincott Williams & Wilkins
=264  31$a[Philadelphhia, PA] :$bWolters Kluwer
=310  \\$aMonthly
=336  \\$atext$2rdacontent
=337  \\$acomputer$2rdamedia
=338  \\$aonline resource$2rdacarrier
=362  1\$aPrint began with vol. 1, no. 1 (June 1958).
=510  2\$aChemical abstracts,$x0009-2258
=530  \\$aAlso issued in print.
=550  \\$aIssued by: Health Physics Society.
=588  \\$aDescription based on: Vol. 70, no. 1 (Jan. 1996); title from banner (viewed Jan. 16, 2002).
=588  \\$aLatest issue consulted: Volume 109, issue 1 (July 2015) (Wolters Kluwer website, viewed June 3, 2015).
=540  \\$aCurrent copyright fee: GBP32.00$c20\0$5Uk
=650  \0$aBiophysics$vPeriodicals.
=650  \2$aHealth Physics$vperiodicals.
=650  \2$aRadiation Protection$vperiodicals.
=650  \2$aRadiotherapy$vperiodicals.
=650  17$aMedische fysica.$2gtt
=655  \0$aElectronic journals.
=710  2\$aHealth Physics Society.
=776  1\$tHealth physics (New York, N.Y.)$x0017-9078
=859  \\$aELD$bejournal
=856  \\$31850-9999$uhttp://journals.lww.com/pages/default.aspx$xBLDSS
=856  40$uhttp://journals.lww.com/health-physics/pages/default.aspx
=856  40$uhttp://www.health-physics.com
=852  41$aBritish Library$bHMNTS$jELD Digital store$3Volume 108:Issue 1(2015:Jan.)-
=852  \\$aBritish Library$bDSC$j4275.100000$3Volume 121:Issue 1(2021)-
=945  \\$aHealth physics.
=959  \\$fCurrently received
=CAT  \\$a8311$b40$c20150520$lBLL01$h0949
=CAT  \\$aBATCH-CLA$b00$c20150529$lBLL01$h1529
=CAT  \\$a10983$b40$c20150601$lBLL01$h1123
=CAT  \\$a8124$b40$c20150603$lBLL01$h1134
=CAT  \\$a8124$b40$c20150603$lBLL01$h1138
=CAT  \\$aIPL-CLA$c20150630$lBLL01$h1725
=CAT  \\$a5552$b40$c20160119$lBLL01$h1212
=CAT  \\$aBLDSS-3PM$b00$c20160201$lBLL01$h1812
=CAT  \\$aBATCH-UPD$b00$c20160217$lBLL01$h1713
=CAT  \\$aIPL-CLA$c20160331$lBLL01$h1819
=CAT  \\$aBATCH-UPD$b00$c20160413$lBLL01$h1829
=CAT  \\$aBATCH-UPD$b00$c20160524$lBLL01$h2200
=CAT  \\$aBATCH-UPD$b00$c20160524$lBLL01$h2307
=CAT  \\$a5552$b40$c20170519$lBLL01$h0851
=CAT  \\$a10806$b40$c20171018$lBLL01$h1438
=CAT  \\$aW1711-1005$c20171206$lBLL01$h1828
=CAT  \\$a12654$b40$c20210414$lBLL01$h0931
=CAT  \\$a8874$b40$c20230208$lBLL01$h0855
=CFI  0\$aCurrent copyright fee: GBP32.00$c20\0$e01-apr-2016$fGBP32.00$g0$hP$5Uk
=CFI  2\$aPrevious copyright fee: GBP30.32$c20\0$e19-jan-2016$fGBP30.32$g0$hP$5Uk
=FFP  \\$aY$bBLDSS-3PM
=FIN  \\$aY$d20150603
=LET  \0$aHealth physics (Electronic)
=LKR  \\$aPAR$b012752020$lBLL01$nHealth physics (Print)$mHealth physics (Online)$r776
=MNI  \\$a0017-9078
=SID  \\$aZ39$bOCLC
=TOC  \\$aETOC
=UNO  \\$aY
=LAS  \\$a8874$b40$c20230208$lBLL01$h0855

