=LDR  04149cas a2200985 i 4500
=001  017368317
=003  Uk
=005  20220715104806.0
=006  m\\\\\o\\d\\\\\\\\
=007  cr\|||||||||||
=008  140821c20159999mdumn\p\o\\\\\0\\\a0eng\\
=FMT  \\$a  SE
=010  \\$a  2014203338
=015  \\$aGBB5H2272$2bnb
=022  0\$a2374-4537
=035  \\$a(OCoLC)888231714
=037  \\$aISSN_23744529$bPortico$nLippincott Williams & Wilkins
=040  \\$aDLC$beng$cDLC$dPFM$dOCLCO$dDLC$dOCLCF$dUk$erda$epn
=042  \\$aukblsr
=082  04$a610.7343$223
=210  0\$aHome healthc. now$b(Online)
=222  \0$aHome healthcare now$b(Online)
=245  00$aHome healthcare now.
=264  \1$aHagerstown, MD :$bWolters Kluwer Health/Lippincott Williams and Wilkins,$c2015-
=310  \\$aTen times a year
=336  \\$atext$2rdacontent
=337  \\$acomputer$2rdamedia
=338  \\$aonline resource$2rdacarrier
=362  1\$aBegan with Volume 33 (1) (January 2015).
=588  \\$aDescription based on: Volume 33 (1) (January 2015); title from journal homepage (Ovid website, viewed April 17, 2015).
=588  \\$aLatest issue consulted: Volume 33, issue 10 (November/December 2015) (publisher's Web site, viewed December 3, 2015).
=540  \\$aCurrent copyright fee: GBP32.00$c20\0$5Uk
=650  \0$aCommunity health nursing$vPeriodicals.
=650  \0$aHome nursing$vPeriodicals.
=650  \0$aPublic health nursing$vPeriodicals.
=650  \2$aCommunity Health Services$vPeriodicals.
=650  \2$aHome Care Services$vPeriodicals.
=650  \2$aHome Nursing$vPeriodicals.
=650  \2$aPublic Health Nursing$vPeriodicals.
=650  \2$aCommunity Health Nursing$vPeriodicals.
=650  \2$aOccupational Health Nursing$vPeriodicals.
=650  \7$aCommunity health nursing.$2fast$0(OCoLC)fst00870941
=650  \7$aHome nursing.$2fast$0(OCoLC)fst00959323
=650  \7$aPublic health nursing.$2fast$0(OCoLC)fst01082384
=655  \7$aPeriodicals.$2fast$0(OCoLC)fst01411641
=776  08$iPrint version:$tHome healthcare now$x2374-4529
=780  00$tHome healthcare nurse (Online)$x1539-0713
=859  \\$aELD$bejournal
=856  \\$31850-9999$uhttp://journals.lww.com/pages/default.aspx$xBLDSS
=856  40$uhttp://journals.lww.com/homehealthcarenurseonline/pages/default.aspx
=856  40$uhttp://ovidsp.ovid.com/ovidweb.cgi?T=JS&MODE=ovid&PAGE=toc&D=ovft&AN=01845097-000000000-00000
=852  \\$aBritish Library$bDSC$j4326.053900$3Volume 40:Issue 2 (2022)-
=852  41$aBritish Library$bHMNTS$jELD Digital store$3Volume 33:Number 2(2015:Feb.)-
=945  \\$aHome healthcare now
=959  \\$fCurrently received
=CAT  \\$a8311$b40$c20150520$lBLL01$h1112
=CAT  \\$aBATCH-CLA$b00$c20150529$lBLL01$h1528
=CAT  \\$aIPL-CLA$c20150630$lBLL01$h1725
=CAT  \\$aBATCH-CLA$b00$c20150828$lBLL01$h1542
=CAT  \\$aIPL-CLA$c20150930$lBLL01$h1855
=CAT  \\$a11316$b40$c20151203$lBLL01$h1434
=CAT  \\$a11316$b40$c20151203$lBLL01$h1435
=CAT  \\$a5552$b40$c20160119$lBLL01$h1212
=CAT  \\$aBLDSS-3PM$b00$c20160201$lBLL01$h1812
=CAT  \\$aBATCH-UPD$b00$c20160217$lBLL01$h1713
=CAT  \\$aIPL-CLA$c20160331$lBLL01$h1819
=CAT  \\$aBATCH-UPD$b00$c20160413$lBLL01$h1829
=CAT  \\$a10983$b40$c20160426$lBLL01$h1511
=CAT  \\$aBATCH-UPD$b40$c20160524$lBLL01$h2200
=CAT  \\$aBATCH-UPD$b40$c20160524$lBLL01$h2307
=CAT  \\$aW1711-1005$c20171206$lBLL01$h1828
=CAT  \\$a12654$b40$c20190717$lBLL01$h1222
=CAT  \\$a8055$b40$c20220715$lBLL01$h1048
=CFI  0\$aCurrent copyright fee: GBP32.00$c20\0$e01-apr-2016$fGBP32.00$g0$hP$5Uk
=CFI  2\$aPrevious copyright fee: GBP30.32$c20\0$e19-jan-2016$fGBP30.32$g0$hP$5Uk
=FFP  \\$aY$bBLDSS-3PM
=FIN  \\$aY$d20151203
=LET  \0$aHome healthcare now (Electronic)
=MNI  \\$a2374-4529
=SID  \\$aZ39$bOCLC
=TOC  \\$aETOC
=UNO  \\$aY
=ACF  \\$aPrevious Copyright Fee: GBP32.26$c0$e01-oct-2015$fGBP32.26$g0$hC$5Uk
=ACF  \\$aBritish Library not licensed to copy$c0$e01-jul-2015$hC$iCFP Excluded$5Uk
=LAS  \\$a8055$b40$c20220715$lBLL01$h1048

