=LDR  04349cas a2200997 a 4500
=001  017368382
=003  Uk
=005  20210308105303.0
=006  m\\\\\o\\d\\\\\\\\
=007  cr\|||||||||||
=008  050614c19669999enkbr\pso\\\\\0\\\a0eng\c
=FMT  \\$a  SE
=010  \\$a  2010236519
=015  \\$aGBB566859$2bnb
=022  \\$a2159-7774
=035  \\$a(OCoLC)60626671
=037  \\$aISSN_00446394$bPortico$nLippincott Williams & Wilkins
=040  \\$aOCoLC$beng$cOCoLC$dCaQMU$dOCoLC$dNcU$dOCoLC$dOCLCF$dDLC$dUk
=042  \\$aukblsr
=050  \4$aRM300$b.A33x
=060  \4$aW1$bAD93
=082  04$a615.70405$223
=130  0\$aAdverse drug reaction bulletin (Online)
=210  0\$aAdverse drug react. bull.$b(Online)
=222  \0$aAdverse drug reaction bulletin$b(Online)
=245  10$aAdverse drug reaction bulletin$h[electronic resource].
=260  \\$aDurham, Eng. :$bAdverse Drug Reaction Research Unit
=260  2\$3<1997>-1998$aAndover, Hants, UK :$bChapman & Hall Ltd.
=260  3\$31999-$aLondon, UK :$bLippincott Williams & Wilkins
=310  \\$aBimonthly
=336  \\$atext$2rdacontent
=337  \\$acomputer$2rdamedia
=338  \\$aonline resource$2rdacarrier
=362  1\$aPrint began in 1966.
=538  \\$aMode of access: World Wide Web.
=580  \\$aSome articles translated in: Noticias (Sindicato Medico del Uruguay).
=588  \\$aDescription based on print version record.
=588  \\$aLatest issue consulted: volume 291, issue 1 (April 2015) (Wolters Kluwer, viewed May 26, 2015).
=540  \\$aCurrent copyright fee: GBP32.00$c20\0$5Uk
=650  \0$aDrugs$xSide effects$vPeriodicals.
=650  \2$aDrug Therapy$xadverse effects$vPeriodicals.
=650  \6$aMédicaments$xEffets secondaires$vPériodiques.
=650  \7$aDrugs$xSide effects.$2fast$0(OCoLC)fst00898912
=655  \7$aPeriodicals.$2fast$0(OCoLC)fst01411641
=710  2\$aShotley Bridge General Hospital.$bAdverse Drug Reaction Research Unit.
=710  2\$aUniversity of Newcastle upon Tyne.$bRegional Postgraduate Institute for Medicine and Dentistry,$eissuing body.
=767  1\$tNoticias (Sindicato Medico del Uruguay)
=775  0\$tAdverse drug reaction bulletin (Edizione italiana)
=776  08$iPrint version:$tAdverse drug reaction bulletin$x0044-6394
=859  \\$aELD$bejournal
=856  \\$31850-9999$uhttp://journals.lww.com/pages/default.aspx$xBLDSS
=856  4\$uhttp://www.lww.com/Product/0044-6394
=856  40$uhttp://gateway.ovid.com/ovidweb.cgi?T=JS&MODE=ovid&NEWS=n&PAGE=toc&D=ovft&AN=00012995-000000000-00000
=856  40$uhttp://journals.lww.com/adversedrugreactbull/pages/default.aspx
=852  41$aBritish Library$bSTI$jELD Digital store$3Volume 290:Number 1(2015)-***Previous issues available in print copy
=852  \\$aBritish Library$bDSC$j0712.232000$3Volume 328:Issue 1(2021)-
=945  \\$aAdverse drug reaction bulletin.
=CAT  \\$a10876$b40$c20150520$lBLL01$h1326
=CAT  \\$a10876$b40$c20150520$lBLL01$h1327
=CAT  \\$a11316$b40$c20150526$lBLL01$h1155
=CAT  \\$aBATCH-CLA$b00$c20150529$lBLL01$h1529
=CAT  \\$aIPL-CLA$c20150630$lBLL01$h1725
=CAT  \\$a5552$b40$c20160119$lBLL01$h1206
=CAT  \\$aBLDSS-3PM$b00$c20160201$lBLL01$h1812
=CAT  \\$aBATCH-UPD$b00$c20160217$lBLL01$h1713
=CAT  \\$aIPL-CLA$c20160331$lBLL01$h1819
=CAT  \\$aBATCH-UPD$b00$c20160413$lBLL01$h1829
=CAT  \\$aBATCH-UPD$b00$c20160524$lBLL01$h2200
=CAT  \\$aBATCH-UPD$b00$c20160524$lBLL01$h2307
=CAT  \\$a5552$b40$c20161007$lBLL01$h1032
=CAT  \\$aBATCH-UPD$b40$c20170109$lBLL01$h1814
=CAT  \\$aBATCH-UPD$b40$c20170127$lBLL01$h1631
=CAT  \\$aW1711-1005$c20171206$lBLL01$h1828
=CAT  \\$a8871$b40$c20180710$lBLL01$h1017
=CAT  \\$a12654$b40$c20210308$lBLL01$h1053
=CFI  0\$aCurrent copyright fee: GBP32.00$c20\0$e01-apr-2016$fGBP32.00$g0$hP$5Uk
=CFI  2\$aPrevious copyright fee: GBP30.32$c20\0$e19-jan-2016$fGBP30.32$g0$hP$5Uk
=FFP  \\$aY$bBLDSS-3PM
=FIN  \\$aY$d20150526
=LET  \0$aAdverse drug reaction bulletin (Electronic)
=LKR  \\$aPAR$b012767857$lBLL01$nAdverse drug reaction bulletin (Print)$mAdverse drug reaction bulletin (Online)$r776
=MNI  \\$a0044-6394
=SRC  \\$aBLL02
=TOC  \\$aETOC
=UNO  \\$aY
=LAS  \\$a12654$b40$c20210308$lBLL01$h1053

