=LDR  03816cas a2200889 a 4500
=001  017368421
=003  Uk
=005  20210415090609.0
=006  m\\\\\o\\d\\\\\\\\
=007  cr\cnu||||||||
=008  010831c199u9999paubr\pso\\\\\0\\\a0eng\c
=FMT  \\$a  SE
=010  \\$a  2001215587
=015  \\$aGBB569058$2bnb
=022  0\$a1536-9943$l1056-9103$21
=035  \\$a(OCoLC)47887970$z(OCoLC)60639174$z(OCoLC)423361914$z(OCoLC)858835431
=037  \\$aISSN_10569103$bPortico$nLippincott Williams & Wilkins
=040  \\$aNSD$beng$cNSD$dOCLCQ$dLGG$dOCLCQ$dOCLCS$dVRC$dMYG$dOCLCQ$dOCLCF$dOCLCO$dFFQ$dVT2$dUk
=042  \\$ansdp$aukblsr
=082  10$a616.9$223
=130  0\$aInfectious diseases in clinical practice (Baltimore, Md. : Online)
=210  0\$aInfect. dis. clin. pract.$b(Baltim. Md., Online)
=222  \0$aInfectious diseases in clinical practice$b(Baltimore, Md. Online)
=245  10$aInfectious diseases in clinical practice$h[electronic resource] :$bIDCP.
=246  30$aIDCP
=260  \\$aPhiladelphia :$bLippincott Williams & Wilkins
=310  \\$aBimonthly
=321  \\$a9 no. a year
=336  \\$atext$2rdacontent
=337  \\$acomputer$2rdamedia
=338  \\$aonline resource$2rdacarrier
=538  \\$aMode of access: World Wide Web.
=588  \\$aDescription based on: Vol. 9, no. 9 (Dec. 2000); title from title screen.
=588  \\$aLatest issue consulted: volume 23, issue 3 (May 2015)(LWW website, viewed June 2, 2015).
=540  \\$aCurrent copyright fee: GBP32.00$c20\0$5Uk
=650  \0$aCommunicable diseases$vPeriodicals.
=650  \2$aCommunicable Diseases$vPeriodicals.
=650  \7$aCommunicable diseases.$2fast$0(OCoLC)fst00869883
=655  \7$aPeriodicals.$2fast$0(OCoLC)fst01411641
=655  \2$aPeriodicals.
=655  \0$aElectronic journals.
=776  08$iAlso issued in print as:$tInfectious diseases in clinical practice (Baltimore, Md.)$x1056-9103
=859  \\$aELD$bejournal
=856  \\$31850-9999$uhttp://journals.lww.com/pages/default.aspx$xBLDSS
=856  4\$uhttp://www.lww.com/Product/1056-9103
=856  40$uhttp://ovidsp.ovid.com/ovidweb.cgi?T=JS&NEWS=n&CSC=Y&PAGE=toc&D=yrovft&AN=00019048-000000000-00000
=856  40$uhttp://www.infectdis.com
=852  41$aBritish Library$bHMNTS$jELD Digital store$3Volume 23:Issue 1(2015:Jan.)-
=852  \\$aBritish Library$bDSC$j4478.727950
=945  \\$aInfectious diseases in clinical practice.
=959  \\$fCurrently received
=CAT  \\$a8311$b40$c20150520$lBLL01$h1434
=CAT  \\$aBATCH-CLA$b00$c20150529$lBLL01$h1529
=CAT  \\$a8483$b40$c20150602$lBLL01$h1136
=CAT  \\$aIPL-CLA$c20150630$lBLL01$h1725
=CAT  \\$a5552$b40$c20160119$lBLL01$h1205
=CAT  \\$aBLDSS-3PM$b00$c20160201$lBLL01$h1812
=CAT  \\$aBATCH-UPD$b00$c20160217$lBLL01$h1713
=CAT  \\$aIPL-CLA$c20160331$lBLL01$h1819
=CAT  \\$aBATCH-UPD$b00$c20160413$lBLL01$h1829
=CAT  \\$aBATCH-UPD$b00$c20160524$lBLL01$h2200
=CAT  \\$aBATCH-UPD$b00$c20160524$lBLL01$h2307
=CAT  \\$a5552$b40$c20170516$lBLL01$h1205
=CAT  \\$a10806$b40$c20171018$lBLL01$h1436
=CAT  \\$aW1711-1005$c20171206$lBLL01$h1828
=CAT  \\$a12654$b40$c20210415$lBLL01$h0906
=CFI  0\$aCurrent copyright fee: GBP32.00$c20\0$e01-apr-2016$fGBP32.00$g0$hP$5Uk
=CFI  2\$aPrevious copyright fee: GBP30.32$c20\0$e19-jan-2016$fGBP30.32$g0$hP$5Uk
=FFP  \\$aY$bBLDSS-3PM
=FIN  \\$aY$d20150602
=LET  \0$aInfectious diseases in clinical practice (Electronic)
=LKR  \\$aPAR$b007074013$lBLL01$r776$mInfectious diseases in clinical practice (Baltimore, Md. Online)$nInfectious diseases in clinical practice (Baltimore, Md.)
=MNI  \\$a1056-9103
=SID  \\$aZ39$bOCLC
=TOC  \\$aETOC
=UNO  \\$aY
=LAS  \\$a12654$b40$c20210415$lBLL01$h0906

