=LDR  03172cas a2200793 i 4500
=001  017368551
=003  Uk
=005  20230206141653.0
=006  m\\\\\|\\d\|\\\\\\
=007  cr\|||||||||||
=008  150521c19939999enkbr\p\o\\\\\0\\\a0eng\\
=FMT  \\$a  SE
=015  \\$aGBB586936$2bnb
=022  0\$a1531-7048
=037  \\$aISSN_10656251$bPortico$nLippincott Williams & Wilkins
=040  \\$aUk$beng$cUk$erda
=042  \\$aukblsr
=082  04$a616.15$223
=210  0\$aCurr. opin. hematol.$b(Online)
=222  \0$aCurrent opinion in hematology$b(Online)
=245  00$aCurrent opinion in hematology.
=264  \1$aPhiladelphia, Pa :$bCurrent Science,$c1993-
=264  31$aLondon :$bLippincott Williams & Wilkins
=310  \\$aBimonthly
=336  \\$atext$2rdacontent
=337  \\$acomputer$2rdamedia
=338  \\$aonline resource$2rdacarrier
=362  1\$aPrint began in 1993.
=588  \\$aDescription based on print version record.
=588  \\$aLatest issue consulted: volume 22, issue 4 (July 2015) (Wolters Kluwer Health, viewed July 2, 2015).
=540  \\$aCurrent copyright fee: GBP32.00$c20\0$5Uk
=650  \0$aHematology$vPeriodicals.
=650  \0$aBlood$xDiseases$vPeriodicals.
=776  08$iAlso issued in print as:$tCurrent opinion in hematology$x1065-6251
=859  \\$aELD$bejournal
=856  \\$31850-9999$uhttp://journals.lww.com/pages/default.aspx$xBLDSS
=856  40$uhttp://journals.lww.com/co-hematology/pages/default.aspx
=852  41$aBritish Library$bSTI$jELD Digital store$3Volume 22:Issue 1(2015:Jan.)-***Previous issues available in print copy
=852  \\$aBritish Library$bDSC$j3500.775200$3Volume 28:Issue 3(2021)-
=945  \\$aCurrent opinion in hematology.
=959  \\$fCurrently received
=CAT  \\$a10902$b40$c20150521$lBLL01$h0913
=CAT  \\$a10902$b40$c20150521$lBLL01$h0914
=CAT  \\$aBATCH-CLA$b00$c20150529$lBLL01$h1529
=CAT  \\$aIPL-CLA$c20150630$lBLL01$h1725
=CAT  \\$a11205$b40$c20150702$lBLL01$h1552
=CAT  \\$a11205$b40$c20150702$lBLL01$h1556
=CAT  \\$a5552$b40$c20160119$lBLL01$h1206
=CAT  \\$aBLDSS-3PM$b00$c20160201$lBLL01$h1812
=CAT  \\$aBATCH-UPD$b00$c20160217$lBLL01$h1713
=CAT  \\$aIPL-CLA$c20160331$lBLL01$h1819
=CAT  \\$aBATCH-UPD$b00$c20160413$lBLL01$h1829
=CAT  \\$aBATCH-UPD$b00$c20160524$lBLL01$h2200
=CAT  \\$aBATCH-UPD$b00$c20160524$lBLL01$h2307
=CAT  \\$a5552$b40$c20170127$lBLL01$h1308
=CAT  \\$a10806$b40$c20171013$lBLL01$h1557
=CAT  \\$aW1711-1005$c20171206$lBLL01$h1828
=CAT  \\$a12654$b40$c20210317$lBLL01$h0832
=CAT  \\$a8874$b40$c20230206$lBLL01$h1416
=CFI  0\$aCurrent copyright fee: GBP32.00$c20\0$e01-apr-2016$fGBP32.00$g0$hP$5Uk
=CFI  2\$aPrevious copyright fee: GBP30.32$c20\0$e19-jan-2016$fGBP30.32$g0$hP$5Uk
=FFP  \\$aY$bBLDSS-3PM
=FIN  \\$aY$d20150702
=LET  \0$aCurrent opinion in hematology (Electronic)
=LKR  \\$aPAR$b008416161$lBLL01$nCurrent opinion in hematology (Print)$mCurrent opinion in hematology (Online)$r776
=MNI  \\$a1065-6251
=TOC  \\$aETOC
=UNO  \\$aY
=LAS  \\$a8874$b40$c20230206$lBLL01$h1416

