=LDR  03570cas a2200865 a 4500
=001  017368993
=003  Uk
=005  20210421075648.0
=006  m\\\\\o\\d\\\\\\\\
=007  cr|cnu||||||||
=008  070104c20079999paubr\pso\\\\\0\\\a0eng\c
=FMT  \\$a  SE
=010  \\$a  2007214057
=015  \\$aGBB5H0532$2bnb
=022  \\$a1935-3227$y1932-0620
=035  \\$a(OCoLC)77528962
=037  \\$aISSN_19320620$bPortico$nLippincott Williams & Wilkins
=040  \\$aNSDP$beng$cNSDP$dOCoLC$dNSDP$dCaQMM$dOCoLC$dNBuU$dUk
=042  \\$aukblsr
=050  14$aRC563$b.J6565
=082  10$a616.86005$223
=130  0\$aJournal of addiction medicine (Online)
=222  \0$aJournal of addiction medicine$b(Online)
=245  10$aJournal of addiction medicine$h[electronic resource].
=260  \\$aPhiladelphia, PA :$bLippincott Williams & Wilkins,$c[2007]-
=310  \\$aSix issues a year,$b2013-
=321  \\$aQuarterly,$b-2012
=336  \\$atext$2rdacontent
=337  \\$acomputer$2rdamedia
=338  \\$aonline resource$2rdacarrier
=362  0\$aVol. 1, issue 1 (Mar. 2007)-
=500  \\$aTitle from title screen (publisher's Web site viewed Jan. 24, 2008).
=538  \\$aMode of access: World Wide Web.
=588  \\$aLatest issue consulted: Vol. 7, issue 1 (Jan./Feb. 2013) (publisher's website, viewed Apr. 3, 2013).
=540  \\$aCurrent copyright fee: GBP32.00$c20\0$5Uk
=650  \0$aSubstance abuse$vPeriodicals.
=650  \0$aSubstance abuse$xTreatment$vPeriodicals.
=650  12$aSubstance-Related Disorders$vPeriodicals.
=710  2\$aAmerican Society of Addiction Medicine.
=776  08$iPrint version:$tJournal of addiction medicine$x1932-0620
=859  \\$aELD$bejournal
=856  \\$31850-9999$uhttp://journals.lww.com/pages/default.aspx$xBLDSS
=856  40$uhttp://ejournals.ebsco.com/direct.asp?JournalID=713122
=856  40$uhttp://www.journaladdictionmedicine.com
=852  41$aBritish Library$bHMNTS$jELD Digital store$3Volume 9:Issue 1(2015:Jan./Feb.)-***Previous issues available in print copy
=852  \\$aBritish Library$bDSC$j4918.933950$3Volume 15:Issue 3(2021)-
=945  \\$aJournal of addiction medicine
=959  \\$fCurrently received
=CAT  \\$a6790$b40$c20150522$lBLL01$h0856
=CAT  \\$a6790$b40$c20150522$lBLL01$h0909
=CAT  \\$aBATCH-CLA$b00$c20150529$lBLL01$h1529
=CAT  \\$a3072$b40$c20150618$lBLL01$h1747
=CAT  \\$aIPL-CLA$c20150630$lBLL01$h1725
=CAT  \\$a11316$b40$c20151201$lBLL01$h1612
=CAT  \\$a5552$b40$c20160115$lBLL01$h1416
=CAT  \\$aBLDSS-3PM$b00$c20160201$lBLL01$h1812
=CAT  \\$aBATCH-UPD$b00$c20160217$lBLL01$h1713
=CAT  \\$aIPL-CLA$c20160331$lBLL01$h1819
=CAT  \\$aBATCH-UPD$b00$c20160413$lBLL01$h1829
=CAT  \\$aBATCH-UPD$b00$c20160525$lBLL01$h1308
=CAT  \\$a9602$b40$c20170303$lBLL01$h1241
=CAT  \\$aW1711-1005$c20171206$lBLL01$h1828
=CAT  \\$a12654$b40$c20210421$lBLL01$h0756
=CFI  0\$aCurrent copyright fee: GBP32.00$c20\0$e01-apr-2016$fGBP32.00$g0$hP$5Uk
=CFI  2\$aPrevious Copyright Fee: GBP30.32$c20\0$e15-jan-2016$fGBP30.32$g0$hP$5Uk
=FFP  \\$aY$bBLDSS-3PM
=FIN  \\$aY$d20150618
=LET  \0$aJournal of addiction medicine (Electronic)
=LKR  \\$aPAR$b013810215$lBLL01$nJournal of addiction medicine (Print)$mJournal of addiction medicine (Online)$r776
=MNI  \\$a1932-0620
=SRC  \\$aBLL02
=TOC  \\$aETOC
=UNO  \\$aY
=ACF  \\$aPrevious Copyright Fee: GBP30.00$c0$e01-jul-2015$fGBP30.00$g0$hC$5Uk
=LAS  \\$a12654$b40$c20210421$lBLL01$h0756

