=LDR  03400cas a2200829 a 4500
=001  017373755
=003  Uk
=005  20230213132525.0
=006  m\\\\\o\\d\\\\\\\\
=007  cr\|||||||||||
=008  010822c19819999pauqr\pso\a\\\0\\\a0eng\c
=FMT  \\$a  SE
=010  \\$a  2001215564
=015  \\$aGBB578944$2bnb
=022  \\$a1536-5395
=035  \\$a(OCoLC)47828876
=037  \\$aISSN_0275665X$bPortico$nLippincott Williams & Wilkins
=040  \\$aNSDP$beng$cNSDP$dOCoLC$dNSDP$dOCoLC$dCaQMM$dOCoLC$dMCM$dOCoLC$dUk
=042  \\$aukblsr
=082  04$a617.968205$223
=130  0\$aObstetric anesthesia digest (Online)
=210  0\$aObstet. anesthes. dig.$b(Online)
=222  \0$aObstetric anesthesia digest$b(Online)
=245  10$aObstetric anesthesia digest$h[electronic resource].
=260  \\$a[Philadelphia] :$bLippincott Williams & Wilkins
=264  31$aPhiladelphia, PA :$bWolters Kluwer
=310  \\$aQuarterly
=336  \\$atext$2rdacontent
=337  \\$acomputer$2rdamedia
=338  \\$aonline resource$2rdacarrier
=362  1\$aPrint began with vol. 1, no. 1 (Mar. 1981).
=530  \\$aAlso issued in print.
=538  \\$aMode of access: World Wide Web.
=588  \\$aDescription based on: Vol. 21, issue 1 (Mar. 2001); title from title screen (viewed Aug. 5, 2003).
=588  \\$aLatest issue consulted: volume 35, issue 1 (March 2015) (publisher's Web site, viewed June 18, 2015).
=540  \\$aCurrent copyright fee: GBP32.00$c20\0$5Uk
=650  \0$aAnesthesia in obstetrics$vPeriodicals.
=650  \0$aAnesthesia in obstetrics$vAbstracts$vPeriodicals.
=776  1\$tObstetric anesthesia digest$x0275-665X
=859  \\$aELD$bejournal
=856  \\$31850-9999$uhttp://journals.lww.com/pages/default.aspx$xBLDSS
=856  40$uhttp://ovidsp.ovid.com/ovidweb.cgi?T=JS&NEWS=n&CSC=Y&PAGE=toc&D=yrovft&AN=00132582-000000000-00000
=856  40$uhttp://www.obstetricanesthesia.com
=852  41$aBritish Library$bHMNTS$jELD Digital store$3Volume 35:Issue 1(2015:Mar.)-
=852  \\$aBritish Library$bDSC$j6208.155000$3Volume 41:Issue 1(2021)-
=945  \\$aObstetric anesthesia digest.
=959  \\$fCurrently received
=979  \\$aBritish Library$bDSC$j6208.155000
=CAT  \\$a10902$b40$c20150527$lBLL01$h1124
=CAT  \\$a11316$b40$c20150618$lBLL01$h1416
=CAT  \\$a5552$b40$c20160119$lBLL01$h1200
=CAT  \\$aBLDSS-3PM$b00$c20160201$lBLL01$h1812
=CAT  \\$aBATCH-UPD$b00$c20160217$lBLL01$h1713
=CAT  \\$aIPL-CLA$c20160331$lBLL01$h1819
=CAT  \\$aBATCH-UPD$b00$c20160413$lBLL01$h1829
=CAT  \\$aBATCH-UPD$b00$c20160524$lBLL01$h2200
=CAT  \\$aBATCH-UPD$b00$c20160524$lBLL01$h2307
=CAT  \\$a5552$b40$c20170321$lBLL01$h1404
=CAT  \\$a5410$b40$c20170330$lBLL01$h1217
=CAT  \\$aW1711-1005$c20171206$lBLL01$h1828
=CAT  \\$a8250$b40$c20230213$lBLL01$h1325
=CFI  0\$aCurrent copyright fee: GBP32.00$c20\0$e01-apr-2016$fGBP32.00$g0$hP$5Uk
=CFI  2\$aPrevious copyright fee: GBP30.32$c20\0$e19-jan-2016$fGBP30.32$g0$hP$5Uk
=FFP  \\$aY$bBLDSS-3PM
=FIN  \\$aY$d20150618
=LET  \0$aObstetric anesthesia digest (Electronic)
=LKR  \\$aPAR$b007178197$lBLL01$nObstetric anesthesia digest (Print)$mObstetric anesthesia digest (Online)$r776
=MNI  \\$a0275-665X
=SRC  \\$aBLL02
=TOC  \\$aETOC
=UNO  \\$aY
=LAS  \\$a8250$b40$c20230213$lBLL01$h1325

