=LDR  03739cas a2200889 a 4500
=001  017373791
=003  Uk
=005  20210422093548.0
=006  m\\\\\o\\d\\\\\\\\
=007  cr\|||||||||||
=008  010926c19859999paubr\pso\\\\\0\\\a0eng\c
=FMT  \\$a  SE
=010  \\$a  2001211867
=015  \\$aGBB579079$2bnb
=022  \\$a1537-2677
=035  \\$a(OCoLC)48035009
=037  \\$aISSN_07409303$bPortico$nLippincott Williams & Wilkins
=040  \\$aNSDP$beng$cNSDP$dOCoLC$dUPB$dPPiU-H$dDLC$dOCoLC$dFFQ$dCaQMM$dFCM-M$dMCM$dOCoLC$dUk
=042  \\$aukblsr
=060  00$aW1$bOP236
=082  04$a617.70592$223
=130  0\$aOphthalmic plastic and reconstructive surgery (Online)
=210  0\$aOphthalmic plastic reconstr. surg.$b(Online)
=222  \0$aOphthalmic plastic and reconstructive surgery$b(Online)
=245  10$aOphthalmic plastic and reconstructive surgery$h[electronic resource].
=260  \\$a[Philadelphia, PA] :$bLippincott Williams & Wilkins
=310  \\$aBimonthly
=336  \\$atext$2rdacontent
=337  \\$acomputer$2rdamedia
=338  \\$aonline resource$2rdacarrier
=362  1\$aBegan with v. 1, no. 1 (Jan. 1985).
=530  \\$aAlso issued in print.
=538  \\$aMode of access: World Wide Web.
=550  \\$a"OPRS is the official publication of the American Society of Ophthalmic Plastic and Reconstructive Surgery."
=588  \\$aDescription based on: Vol. 16, issue no. 2 (Mar. 2000); title from title screen.
=588  \\$aLatest issue consulted: volume 31, issue 3 (May/June 2015) (Wolters Kluwer Web site, viewed June 19, 2015).
=540  \\$aCurrent copyright fee: GBP32.00$c20\0$5Uk
=650  \0$aEye$xSurgery$vPeriodicals.
=650  \0$aOphthalmic plastic surgery$vPeriodicals.
=650  \2$aReconstructive Surgical Procedures$vPeriodicals.
=650  \2$aOphthalmologic Surgical Procedures$vPeriodicals.
=650  \2$aOphthalmology$vPeriodicals.
=650  \2$aSurgery$vPeriodicals.
=710  2\$aAmerican Society of Ophthalmic Plastic and Reconstructive Surgery.
=776  1\$tOphthalmic plastic and reconstructive surgery$x0740-9303
=859  \\$aELD$bejournal
=856  \\$31850-9999$uhttp://journals.lww.com/pages/default.aspx$xBLDSS
=856  40$uhttp://gateway.ovid.com/ovidweb.cgi?T=JS&MODE=ovid&PAGE=toc&D=ovft&AN=00002341-000000000-00000
=856  40$uhttp://www.op-rs.com
=852  41$aBritish Library$bSTI$jELD Digital store$3Volume 31:Issue 1(2015:Jan./Feb.)-
=852  \\$aBritish Library$bDSC$j6271.430000$3Volume 37:Issue 2(2021)-
=945  \\$aOphthalmic plastic and reconstructive surgery.
=959  \\$fCurrently received
=CAT  \\$a10902$b40$c20150527$lBLL01$h1207
=CAT  \\$aBATCH-CLA$b00$c20150529$lBLL01$h1529
=CAT  \\$a11316$b40$c20150619$lBLL01$h1459
=CAT  \\$a11316$b40$c20150619$lBLL01$h1508
=CAT  \\$aIPL-CLA$c20150630$lBLL01$h1725
=CAT  \\$a5552$b40$c20160119$lBLL01$h0935
=CAT  \\$aBLDSS-3PM$b00$c20160201$lBLL01$h1812
=CAT  \\$aBATCH-UPD$b00$c20160217$lBLL01$h1713
=CAT  \\$aIPL-CLA$c20160331$lBLL01$h1819
=CAT  \\$aBATCH-UPD$b00$c20160413$lBLL01$h1829
=CAT  \\$aBATCH-UPD$b00$c20160524$lBLL01$h2200
=CAT  \\$aBATCH-UPD$b00$c20160524$lBLL01$h2307
=CAT  \\$a5552$b40$c20170321$lBLL01$h1226
=CAT  \\$aW1711-1005$c20171206$lBLL01$h1828
=CAT  \\$a12654$b40$c20210422$lBLL01$h0935
=CFI  0\$aCurrent copyright fee: GBP32.00$c20\0$e01-apr-2016$fGBP32.00$g0$hP$5Uk
=CFI  2\$aPrevious copyright fee: GBP30.32$c20\0$e19-jan-2016$fGBP30.32$g0$hP$5Uk
=FFP  \\$aY$bBLDSS-3PM
=FIN  \\$aY$d20150619
=MNI  \\$a0740-9303
=SRC  \\$aBLL02
=TOC  \\$aETOC
=UNO  \\$aY
=LAS  \\$a12654$b40$c20210422$lBLL01$h0935

