=LDR  03703cas a2200961 a 4500
=001  017373856
=003  Uk
=005  20230803130923.0
=006  m\\\\\o\\d\\\\\\\\
=007  cr\|||||||||||
=008  040204c20019999nyumr\pso\\\\\0\\\a0eng\c
=FMT  \\$a  SE
=010  \\$a  2004213519
=015  \\$aGBB568375$2bnb
=016  7\$a2640784-X$2DE-600
=022  \\$a1548-4688
=035  \\$a(OCoLC)54353328
=037  \\$aISSN_02762234$bPortico$nLippincott Williams & Wilkins
=040  \\$aNSD$beng$cNSD$dOCLCQ$dHEBIS$dOCLCQ$dVT2$dOCLCO$dOCLCF$dOCLCO$dUk
=042  \\$aukblsr
=082  04$a616.944$223
=130  0\$aOncology times (Online)
=222  \0$aOncology times$b(Online)
=245  10$aOncology times$h[electronic resource].
=246  13$aOT
=260  \\$aNew York, N.Y. :$bLippincott Williams & Wilkins,$c2001-
=310  \\$aMonthly
=336  \\$atext$2rdacontent
=337  \\$acomputer$2rdamedia
=338  \\$aonline resource$2rdacarrier
=362  1\$aPrint began in 1979.
=500  \\$aTitle from title screen (publisher's Web site, viewed Feb. 3, 2004).
=530  \\$aAlso issued in print.
=538  \\$aMode of access: World Wide Web.
=588  \\$aLatest issue consulted: volume 37, issue 10 (May 25, 2015) (Wolters Kluwer, viewed May 27, 2015).
=540  \\$aCurrent copyright fee: GBP32.00$c20\0$5Uk
=650  \0$aOncology$vPeriodicals.
=650  \0$aCancer$vPeriodicals.
=650  \7$aCancer.$2fast$0(OCoLC)fst00845317
=650  \7$aOncology.$2fast$0(OCoLC)fst01045739
=655  \7$aPeriodicals.$2fast$0(OCoLC)fst01411641
=776  1\$tOncology times$x0276-2234
=787  0\$tOncology times (UK & Eire edition)$x2047-2889
=859  \\$aELD$bejournal
=856  \\$31850-9999$uhttp://journals.lww.com/pages/default.aspx$xBLDSS
=856  40$uhttp://www.oncology-times.com/
=852  41$aBritish Library$bHMNTS$jELD Digital store$3Volume 37:Issue 1(2015:Jan.)-
=852  \\$aBritish Library$bDSC$j6256.984000$3Volume 43:Issue 1(2021)-
=945  \\$aOncology times.
=959  \\$fCurrently received
=CAT  \\$a10902$b40$c20150527$lBLL01$h1420
=CAT  \\$a11316$b40$c20150527$lBLL01$h1454
=CAT  \\$a11316$b40$c20150527$lBLL01$h1500
=CAT  \\$aBATCH-CLA$b00$c20150529$lBLL01$h1529
=CAT  \\$aIPL-CLA$c20150630$lBLL01$h1725
=CAT  \\$a5552$b40$c20160119$lBLL01$h0935
=CAT  \\$aBLDSS-3PM$b00$c20160201$lBLL01$h1812
=CAT  \\$aBATCH-UPD$b00$c20160217$lBLL01$h1713
=CAT  \\$aIPL-CLA$c20160331$lBLL01$h1819
=CAT  \\$aBATCH-UPD$b00$c20160413$lBLL01$h1829
=CAT  \\$aBATCH-UPD$b00$c20160524$lBLL01$h2200
=CAT  \\$aBATCH-UPD$b00$c20160524$lBLL01$h2307
=CAT  \\$a5552$b40$c20170321$lBLL01$h1323
=CAT  \\$aW1711-1005$c20171206$lBLL01$h1828
=CAT  \\$a12654$b40$c20210422$lBLL01$h0924
=CAT  \\$a5410$b40$c20220725$lBLL01$h0924
=CAT  \\$a5410$b40$c20220725$lBLL01$h0928
=CAT  \\$a5410$b40$c20220803$lBLL01$h1113
=CAT  \\$a5410$b40$c20220810$lBLL01$h1039
=CAT  \\$a12654$b40$c20230803$lBLL01$h1306
=CAT  \\$a12654$b40$c20230803$lBLL01$h1309
=CFI  0\$aCurrent copyright fee: GBP32.00$c20\0$e01-apr-2016$fGBP32.00$g0$hP$5Uk
=CFI  2\$aPrevious copyright fee: GBP30.32$c20\0$e19-jan-2016$fGBP30.32$g0$hP$5Uk
=FFP  \\$aY$bBLDSS-3PM
=FIN  \\$aY$d20150527
=LET  \0$aOncology times (Electronic)
=LKR  \\$aPAR$b007182808$lBLL01$nOncology times (Print)$mOncology times (Online)$r776
=LKR  \\$aPAR$b015843306$lBLL01$nOncology times (UK & Eire ed. Online)$mOncology times (Online)$r787
=MNI  \\$a0276-2234
=SID  \\$aZ39$bOCLC
=TOC  \\$aETOC
=UNO  \\$aY
=LAS  \\$a12654$b40$c20230803$lBLL01$h1309

