=LDR  03896cas a2200889 a 4500
=001  017374628
=003  Uk
=005  20210421122008.0
=006  m\\\\\o\\d\\\\\\\\
=007  cr\c||||||||||
=008  080813c20099999paubr\p\o\\\\\0\\\a0eng\c
=FMT  \\$a  SE
=010  \\$a  2008213719
=015  \\$aGBB582633$2bnb
=022  0\$a1945-7618$l1945-7618$y1945-760X$21
=035  \\$a(OCoLC)243693601
=037  \\$aISSN_1945760X$bPortico$nLippincott Williams & Wilkins
=040  \\$aNSD$beng$cNSD$dBUF$dDLC$dOCLCQ$dOCLCF$dUk
=042  \\$apcc$ansdp$aukblsr
=050  10$aISSN RECORD
=082  10$a616.505$223
=130  0\$aJournal of the Dermatology Nurses' Association (Online)
=210  0\$aJ. Dermatol. Nurses' Assoc.$b(Online)
=222  \0$aJournal of the Dermatology Nurses' Association$b(Online)
=245  10$aJournal of the Dermatology Nurses' Association$h[electronic resource].
=246  13$aJDNA
=264  \1$aPhiladelphia, PA :$bWolters Kluwer Health/Lippincott Williams & Wilkins
=310  \\$aSix times per year
=336  \\$atext$2rdacontent
=337  \\$acomputer$2rdamedia
=338  \\$aonline resource$2rdacarrier
=362  1\$aBegan with vol. 1, no. 1 (Jan./Feb. 2009).
=588  \\$aDescription based on: Vol. 1, no. 1 (Jan./Feb. 2009); title from PDF running title (Journals@Ovid, viewed Apr. 15, 2009).
=588  \\$aLatest issue consulted: Volume 7, issue 3 (May/June 2015) viewed on publisher's website, June 30,2015.
=540  \\$aCurrent copyright fee: GBP32.00$c20\0$5Uk
=650  \0$aDermatologic nursing$vPeriodicals.
=650  \2$aSkin Diseases$xnursing$vPeriodicals.
=650  \2$aDermatology$vPeriodicals.
=650  \7$aDermatologic nursing.$2fast$0(OCoLC)fst00891057
=655  \7$aPeriodicals.$2fast$0(OCoLC)fst01411641
=710  2\$aDermatology Nurses' Association (U.S.)
=776  08$iPrint version:$tJournal of the Dermatology Nurses' Association$x1945-760X
=859  \\$aELD$bejournal
=856  \\$31850-9999$uhttp://journals.lww.com/pages/default.aspx$xBLDSS
=856  40$uhttp://journals.lww.com/jdnaonline/pages/default.aspx
=856  40$uhttp://ovidsp.ovid.com/ovidweb.cgi?T=JS&NEWS=n&PAGE=toc&D=ovft&AN=01412499-000000000-00000
=852  41$aBritish Library$bHMNTS$jELD Digital store$3Volume 7:Issue 1(2015)-***Previous issues available in print copy
=852  \\$aBritish Library$bDSC$j4734.503700$3Volume 13:Issue 1(2021)-
=945  \\$aJournal- Dermatology Nurses Association.
=959  \\$fCurrently received
=CAT  \\$a10876$b40$c20150528$lBLL01$h1404
=CAT  \\$aBATCH-CLA$b00$c20150529$lBLL01$h1529
=CAT  \\$a11315$b40$c20150630$lBLL01$h1426
=CAT  \\$aIPL-CLA$c20150630$lBLL01$h1725
=CAT  \\$a11315$b40$c20150714$lBLL01$h0943
=CAT  \\$a5552$b40$c20160119$lBLL01$h0935
=CAT  \\$aBLDSS-3PM$b00$c20160201$lBLL01$h1812
=CAT  \\$aBATCH-UPD$b00$c20160217$lBLL01$h1713
=CAT  \\$aIPL-CLA$c20160331$lBLL01$h1819
=CAT  \\$aBATCH-UPD$b00$c20160413$lBLL01$h1829
=CAT  \\$aBATCH-UPD$b00$c20160522$lBLL01$h2354
=CAT  \\$aBATCH-UPD$b00$c20160524$lBLL01$h2200
=CAT  \\$a5552$b40$c20170404$lBLL01$h1225
=CAT  \\$a10806$b40$c20171018$lBLL01$h1440
=CAT  \\$aW1711-1005$c20171206$lBLL01$h1828
=CAT  \\$a12654$b40$c20210421$lBLL01$h1220
=CFI  0\$aCurrent copyright fee: GBP32.00$c20\0$e01-apr-2016$fGBP32.00$g0$hP$5Uk
=CFI  2\$aPrevious copyright fee: GBP30.32$c20\0$e19-jan-2016$fGBP30.32$g0$hP$5Uk
=FFP  \\$aY$bBLDSS-3PM
=FIN  \\$aY$d20150630
=LET  \0$aJournal of the Dermatology Nurses' Association (Electronic)
=LKR  \\$aPAR$b015539425$lBLL01$r776$mJournal of the Dermatology Nurses' Association (Online)$nJournal of the Dermatology Nurses' Association (Print)
=MNI  \\$a1945-760X
=SID  \\$aZ39$bOCLC
=TOC  \\$aETOC
=UNO  \\$aY
=LAS  \\$a12654$b40$c20210421$lBLL01$h1220

