=LDR  03803cas a2200913 a 4500
=001  017374681
=003  Uk
=005  20210422114832.0
=006  m\\\\\o\\d\\\\\\\\
=007  cr|cnu||||||||
=008  011221c20029999pauqr\pso\\\\\0\\\a0eng\c
=FMT  \\$a  SE
=010  \\$a  2001215999
=015  \\$aGBB573071$2bnb
=016  7\$a2183732-6$2DE-600
=016  7\$a027307395$2DE-101
=022  0\$a1538-1943$l1536-0644$y1536-0644$21
=035  \\$a(OCoLC)48660473
=037  \\$aISSN_15360644$bPortico$nLippincott Williams & Wilkins
=040  \\$aNSDP$beng$cNSDP$dOCoLC$dPPiU$dOCoLC$dNSDP$dOCoLC$dHEBIS$dDEBBG$dOCoLC$dGBVCP$dOCoLC$dUk
=042  \\$aukblsr
=082  04$a617.584$223
=130  0\$aTechniques in foot & ankle surgery (Online)
=222  \0$aTechniques in foot & ankle surgery$b(Online)
=245  10$aTechniques in foot & ankle surgery$h[electronic resource].
=246  30$aTechniques in foot and ankle surgery
=260  \\$a[Philadelphia, PA] :$bLippincott Williams & Wilkins,$cc2002-
=310  \\$aQuarterly
=336  \\$atext$2rdacontent
=337  \\$acomputer$2rdamedia
=338  \\$aonline resource$2rdacarrier
=362  0\$aVol. 1(1) (Sept. 2002)-
=500  \\$aTitle from issue table of contents (Ovid Web site, viewed May 6, 2005).
=530  \\$aAlso issued in print.
=538  \\$aMode of access: World Wide Web.
=588  \\$aLatest issue consulted: volume 14, issue 2 (June 2015) (publisher's Web site, viewed June 09, 2015).
=540  \\$aCurrent copyright fee: GBP32.00$c20\0$5Uk
=650  \0$aFoot$xSurgery$vPeriodicals.
=650  \0$aAnkle$xSurgery$vPeriodicals.
=650  \2$aFoot$xsurgery$vPeriodicals.
=650  \2$aAnkle$xsurgery$vPeriodicals.
=776  1\$tTechniques in foot & ankle surgery$x1536-0644
=859  \\$aELD$bejournal
=856  \\$31850-9999$uhttp://journals.lww.com/pages/default.aspx$xBLDSS
=856  4\$uhttp://www.lww.com/Product/1536-0644
=856  40$uhttp://gateway.ovid.com/ovidweb.cgi?T=JS&MODE=ovid&PAGE=toc&D=ovft&AN=00132587-000000000-00000
=856  40$uhttp://journals.lww.com/techfootankle/pages/default.aspx
=856  40$uhttp://www.techfootankle.com
=852  41$aBritish Library$bHMNTS$jELD Digital store$3Volume 14:Issue 1(2015:Mar.)-***Previous issues available in print copy
=852  \\$aBritish Library$bDSC$j8745.047500$3Volume 21:Issue 1(2021)-
=945  \\$aTechniques in foot and ankle surgery.
=959  \\$fCurrently received
=CAT  \\$a6790$b40$c20150528$lBLL01$h1528
=CAT  \\$a6790$b40$c20150528$lBLL01$h1541
=CAT  \\$aBATCH-CLA$b00$c20150529$lBLL01$h1529
=CAT  \\$a10973$b40$c20150609$lBLL01$h1614
=CAT  \\$aIPL-CLA$c20150630$lBLL01$h1725
=CAT  \\$a5552$b40$c20160119$lBLL01$h0935
=CAT  \\$aBLDSS-3PM$b00$c20160201$lBLL01$h1812
=CAT  \\$aBATCH-UPD$b00$c20160217$lBLL01$h1713
=CAT  \\$aIPL-CLA$c20160331$lBLL01$h1819
=CAT  \\$aBATCH-UPD$b00$c20160413$lBLL01$h1829
=CAT  \\$aBATCH-UPD$b00$c20160524$lBLL01$h2200
=CAT  \\$aBATCH-UPD$b00$c20160524$lBLL01$h2307
=CAT  \\$a5552$b40$c20170221$lBLL01$h0910
=CAT  \\$aW1711-1005$c20171206$lBLL01$h1828
=CAT  \\$a12654$b40$c20210422$lBLL01$h1147
=CAT  \\$a12654$b40$c20210422$lBLL01$h1148
=CFI  0\$aCurrent copyright fee: GBP32.00$c20\0$e01-apr-2016$fGBP32.00$g0$hP$5Uk
=CFI  2\$aPrevious copyright fee: GBP30.32$c20\0$e19-jan-2016$fGBP30.32$g0$hP$5Uk
=FFP  \\$aY$bBLDSS-3PM
=FIN  \\$aY$d20150609
=LET  \0$aTechniques in foot & ankle surgery (Electronic)
=LKR  \\$aPAR$b005540858$lBLL01$nTechniques in foot & ankle surgery (Print)$mTechniques in foot & ankle surgery (Online)$r776
=MNI  \\$a1536-0644
=SRC  \\$aBLL02
=TOC  \\$aETOC
=UNO  \\$aY
=LAS  \\$a12654$b40$c20210422$lBLL01$h1148

