=LDR  03242cas a2200829 i 4500
=001  017375293
=003  Uk
=005  20230511163113.0
=006  m\\\\\|\\d\|\\\\\\
=007  cr\|||||||||||
=008  150529c20149999xxubr\p\o\\\\\0\\\a0eng\\
=FMT  \\$a  SE
=015  \\$aGBB575807$2bnb
=022  \\$a2332-7812
=037  \\$aISSN_23327812$bPortico$nLippincott Williams & Wilkins
=040  \\$aUk$beng$cUk$erda
=042  \\$aukblsr
=082  04$a616.8$223
=210  0\$aNeurol. neuroimmunol. neuroinflamm.
=222  \0$aNeurology® neuroimmunology & neuroinflammation
=245  00$aNeurology.$pNeuroimmunology & neuroinflammation.
=246  30$aNeuroimmunology & neuroinflammation
=264  \1$a[New York, NY?] :$b[Lippincott Williams & Wilkins],$c2014-
=310  \\$aBimonthly
=336  \\$atext$2rdacontent
=337  \\$acomputer$2rdamedia
=338  \\$aonline resource$2rdacarrier
=362  0\$aVolume 1, number 1 (June 2014)-
=500  \\$aTitle from journal homepage (publisher's website, viewed June 11, 2015).
=540  \\$aCurrent copyright fee: zero$c20\0$5Uk
=650  \0$aNeuroimmunology$vPeriodicals.
=650  \0$aNeurology$vPeriodicals.
=710  2\$aAmerican Academy of Neurology,$eissuing body.
=787  0\$tNeurology (Online)$x1526-632X
=859  \\$aELD$bejournal
=856  \\$31850-9999$uhttp://journals.lww.com/pages/default.aspx$xBLDSS
=856  40$uhttp://nn.neurology.org/
=852  41$aBritish Library$bHMNTS$jELD Digital store$3Volume 2:Issue 1(2015)-
=852  \\$aBritish Library$bDSC$j6081.502260$3Volume 8:Issue 2(2021)-
=945  \\$aNeurology neuroimmunology and neuroinflammation.
=959  \\$fCurrently received
=CAT  \\$a10876$b40$c20150529$lBLL01$h1112
=CAT  \\$aBATCH-CLA$b00$c20150529$lBLL01$h1528
=CAT  \\$a10806$b40$c20150611$lBLL01$h1541
=CAT  \\$a10806$b40$c20150611$lBLL01$h1546
=CAT  \\$a10806$b40$c20150611$lBLL01$h1550
=CAT  \\$aIPL-CLA$c20150630$lBLL01$h1725
=CAT  \\$aBATCH-CLA$b00$c20150828$lBLL01$h1542
=CAT  \\$aIPL-CLA$c20150930$lBLL01$h1855
=CAT  \\$a5552$b40$c20160119$lBLL01$h0911
=CAT  \\$aBLDSS-3PM$b00$c20160201$lBLL01$h1812
=CAT  \\$aBATCH-UPD$b00$c20160217$lBLL01$h1715
=CAT  \\$aIPL-CLA$c20160331$lBLL01$h1819
=CAT  \\$aBATCH-UPD$b00$c20160413$lBLL01$h1829
=CAT  \\$a10983$b40$c20160426$lBLL01$h1512
=CAT  \\$aBATCH-UPD$b40$c20160522$lBLL01$h2354
=CAT  \\$aBATCH-UPD$b40$c20160524$lBLL01$h2200
=CAT  \\$a5552$b40$c20170324$lBLL01$h1118
=CAT  \\$aW1711-1005$c20171206$lBLL01$h1828
=CAT  \\$a5552$b40$c20191031$lBLL01$h0914
=CAT  \\$a12654$b40$c20210422$lBLL01$h0730
=CAT  \\$aBATCH-FIX$c20230511$lBLL01$h1631
=CFI  0\$aCurrent copyright fee: zero$c20\0$e31-oct-2019$fGBP0.00$g0$hP$5Uk
=CFI  2\$aPrevious copyright fee: GBP39.00$c20\0$e01-apr-2016$fGBP39.00$g0$hP$5Uk
=FFP  \\$aY$bBLDSS-3PM
=FIN  \\$aY$d20150611
=MNI  \\$a2332-7812
=TOC  \\$aETOC
=UNO  \\$aY
=ACF  \\$aPrevious copyright fee: GBP36.77$c20\0$e19-jan-2016$fGBP36.77$g0$hP$5Uk
=ACF  \\$aBritish Library not licensed to copy$c0$e01-jul-2015$hC$iCFP Excluded$5Uk
=LAS  \\$aBATCH-FIX$b00$c20230511$lBLL01$h1631

