=LDR  04022cas a2200973 a 4500
=001  013774375
=003  Uk
=005  20180604121343.0
=006  m\\\\\\\\d\|\\\\\\
=007  cr||||||||||||
=008  070621c20089999enk\x\\\s\\\\\1\\\a0eng\\
=FMT  \\$a  SE
=015  \\$aGBA911858$2bnb
=022  0\$a1755-1315$202
=037  \\$aISSN_17551307$bPortico$nInstitute of Physics Publishing
=040  \\$aUk$beng$cUk$dUk
=042  \\$aissnuk$aukblsr
=082  04$a550.5$222
=222  \0$aIOP conference series. Earth and environmental science$b(Online)
=245  00$aIOP conference series.$pEarth and environmental science$h[electronic resource].
=246  13$aEES
=246  30$aEarth and environmental science
=260  \\$aBristol :$bIOP Publishing,$c2008-
=310  \\$aIrregular
=336  \\$atext$2rdacontent
=337  \\$acomputer$2rdamedia
=338  \\$aonline resource$2rdacarrier
=362  0\$aVol. 1 (2008)-
=538  \\$aMode of access: World Wide Web.
=500  \\$aTitle from journal home page (viewed on Feb. 10, 2009).
=588  \\$aLatest issue consulted: volume 24 (2015) (IOPscience, viewed February 11, 2015).
=540  \\$aCurrent copyright fee: zero$c77\0$5Uk
=650  \0$aEarth sciences$vPeriodicals.
=650  \0$aEnvironmental sciences$vCongresses.
=650  \0$aEnvironmental sciences$vPeriodicals.
=710  2\$aInstitute of Physics (Great Britain)
=776  08$iAlso issued in print as:$tIOP conference series. Earth and environmental science$x1755-1307
=856  \\$31850-9999$uhttp://ioppublishing.org/$xBLDSS
=856  40$uhttp://iopscience.iop.org/1755-1315
=859  \\$aELD$bejournal
=852  41$aBritish Library$bDSC$j4565.243000$32009-[2011]
=852  41$aBritish Library$bHMNTS$jELD Digital store$3Volume 24(2015)-***Previous issues available in print copy
=945  \\$aIOP conference series earth and environmental science
=959  \\$fHeld but not currently received
=CAT  \\$a6537$b40$c20070621$lBLL01$h0811
=CAT  \\$a9599$b40$c20090213$lBLL01$h1115
=CAT  \\$aBATCH-UPD$b40$c20100226$lBLL01$h0152
=CAT  \\$aBATCH-UPD$b40$c20100331$lBLL01$h2344
=CAT  \\$aBATCH-UPD$b40$c20100401$lBLL01$h0300
=CAT  \\$aBATCH$b00$c20100401$lBLL01$h0603
=CAT  \\$aBATCH$b00$c20100401$lBLL01$h1636
=CAT  \\$aBATCH-UPD$b00$c20101124$lBLL01$h1950
=CAT  \\$aBATCH-UPD$b00$c20101125$lBLL01$h1216
=CAT  \\$aIPL-CLA$c20101231$lBLL01$h1522
=CAT  \\$a5997$b40$c20110527$lBLL01$h1152
=CAT  \\$aWR11_203$c20111204$lBLL01$h1512
=CAT  \\$aIPL-CLA$c20111230$lBLL01$h2027
=CAT  \\$a12500$b40$c20120515$lBLL01$h1319
=CAT  \\$aBATCH-CLA$b00$c20121109$lBLL01$h1725
=CAT  \\$a5552$b40$c20121204$lBLL01$h1158
=CAT  \\$aWR14_140$c20140905$lBLL01$h1815
=CAT  \\$aBLDSS-3PM$b00$c20141121$lBLL01$h1821
=CAT  \\$a10876$b40$c20150120$lBLL01$h1544
=CAT  \\$a5997$b40$c20150211$lBLL01$h0940
=CAT  \\$a5997$b40$c20150211$lBLL01$h0945
=CAT  \\$aBATCH-UPD$b40$c20160413$lBLL01$h1821
=CAT  \\$aBATCH-UPD$b40$c20160620$lBLL01$h1228
=CAT  \\$aW1711-1005$c20171206$lBLL01$h1820
=CAT  \\$a5552$b40$c20180604$lBLL01$h1213
=CAT  \\$aIPL-CLA$c20180630$lBLL01$h1922
=CFI  0\$aCurrent copyright fee: zero$c77\0$e01-jul-2018$fGBP0.00$g0$hP$5Uk
=CFI  2\$aPrevious copyright fee: GBP20.00$c77\0$e04-dec-2012$fGBP20.00$g0$hP$5Uk
=FFP  \\$aY$bBLDSS-3PM
=FIN  \\$aY$d20090210
=LET  \0$aIOP conference series. Earth and environmental science (Electronic)
=MNI  \\$a1755-1307
=TCO  \\$aCLA$bCLA$c008
=TOC  \\$aETOC
=UNO  \\$aY
=ACF  \\$aPrevious copyright fee: GBP9.00$c0$e01-apr-2010$fGBP9.00$g0$hA$5Uk
=ACF  \\$aPrevious copyright fee: GBP6.00$c0$e13-feb-2009$fGBP6.00$g0$hA$5Uk
=ACF  \\$aPrevious copyright fee: GBP12.00$c0$e01-jan-2012$fGBP12.00$g0$hA$5Uk
=ACF  \\$aPrevious copyright fee: GBP10.50$c0$e01-jan-2011$fGBP10.50$g0$hA$5Uk
=LAS  \\$aIPL-CLA$b00$c20180630$lBLL01$h1922

