=LDR  05955cas a2201225 a 4500
=001  015344883
=003  Uk
=005  20221231145007.0
=006  m\\\\\\\\d\|\\\\\\
=007  cr||||||||||||
=008  090810c20079999enkqr\p\s\\\\\0\\\a0eng\\
=FMT  \\$a  SE
=015  \\$aGBB0B2505$2bnb
=022  0\$a1878-0059
=037  \\$aISSN_17477891_21$bPortico$nTaylor & Francis
=040  \\$aUk$beng$cUk$dUk
=042  \\$aukblsr
=082  04$a363.7005$222
=130  0\$aEnvironmental hazards (Online)
=222  \0$aEnvironmental hazards$b(Online)
=245  10$aEnvironmental hazards$h[electronic resource].
=260  \\$aNew York :$bElsevier Science,$c2007-
=260  2\$32009-$aLondon :$bEarthscan
=260  3\$3[2010]-$a[Abingdon] :$bTaylor & Francis
=310  \\$aQuarterly
=336  \\$atext$2rdacontent
=337  \\$acomputer$2rdamedia
=338  \\$aonline resource$2rdacarrier
=362  0\$aVol. 7, issue 1 (2007)-
=588  \\$aLatest issue consulted: volume 14, issue 4 (2015) (Taylor & Francis Online, viewed January 21, 2016).
=538  \\$aMode of access: World Wide Web.
=538  \\$aSystem requirements: Adobe Acrobat Reader.
=540  \\$aCurrent copyright fee: GBP43.00$c2\0$5Uk
=650  \0$aEnvironmental disasters$vPeriodicals.
=650  \0$aEnvironmental disasters$xPrevention$vPeriodicals.
=650  \0$aNatural disasters$vPeriodicals.
=650  \0$aNatural disasters$xPrevention$vPeriodicals.
=650  \0$aEnvironmental protection$vPeriodicals.
=776  08$iAlso issued in print as:$tEnvironmental hazards$x1747-7891
=780  00$tGlobal environmental change. Part B, Environmental hazards (Online)$x1878-5697
=856  \\$31850-9999$uhttp://www.tandfonline.com/$xBLDSS
=856  40$uhttp://www.earthscan.co.uk/JournalsHome/EHAZ/tabid/37213/Default.aspx
=856  40$uhttp://www.ingentaconnect.com/content/earthscan/ehaz
=856  40$uhttp://www.tandfonline.com/toc/tenh20/current
=859  \\$aELD$bejournal
=852  41$aBritish Library$bHMNTS$jELD Digital store$3Volume 10:Number 3(2011)-
=852  41$aBritish Library$bDSC$j3791.476600$3Volume 7:Issue 1(2007)-Volume 7:Issue 4(2007)***See ESTAR for full holdings.
=945  \\$aEnvironmental hazards -human and policy dimensions-.
=959  \\$fHeld but not currently received
=985  \\$aResponsibility for ISSN taken by ISSN UK from ISSN Netherlands, 10.08.2009.
=985  \\$aISSN responsibility transferred from ISSN UK Centre to U.S. ISSN Center Taylor & Francis, Multinational Publisher List, Summer 2016
=CAT  \\$a11313$b40$c20090810$lBLL01$h1118
=CAT  \\$aBLDSS-3PM$b00$c20141130$lBLL01$h1250
=CAT  \\$aIPL-CLA$c20141231$lBLL01$h1700
=CAT  \\$aBATCH-UPD$b00$c20151119$lBLL01$h1535
=CAT  \\$aIPL-CLA$c20151231$lBLL01$h1931
=CAT  \\$a11205$b40$c20160121$lBLL01$h1220
=CAT  \\$a11205$b40$c20160121$lBLL01$h1223
=CAT  \\$a8464$b40$c20160204$lBLL01$h1211
=CAT  \\$a5552$b40$c20160301$lBLL01$h1541
=CAT  \\$aIPL-CLA$c20160331$lBLL01$h1755
=CAT  \\$aBATCH-UPD$b00$c20160726$lBLL01$h1746
=CAT  \\$aW1607-0553$c20160818$lBLL01$h0910
=CAT  \\$aW1607-0553$c20160818$lBLL01$h0915
=CAT  \\$aBATCH-UPD$b00$c20161122$lBLL01$h1506
=CAT  \\$aIPL-CLA$c20161230$lBLL01$h2334
=CAT  \\$aBATCH-UPD$b00$c20171121$lBLL01$h1656
=CAT  \\$aW1711-1005$c20171206$lBLL01$h1822
=CAT  \\$aIPL-CLA$c20171231$lBLL01$h1754
=CAT  \\$aBATCH-UPD$b00$c20181217$lBLL01$h1645
=CAT  \\$aIPL-CLA$c20181231$lBLL01$h1549
=CAT  \\$aBATCH-UPD$b00$c20191122$lBLL01$h1907
=CAT  \\$aIPL-CLA$c20191231$lBLL01$h2019
=CAT  \\$aBATCH-UPD$b00$c20201118$lBLL01$h1341
=CAT  \\$aIPL-CLA$c20201231$lBLL01$h1531
=CAT  \\$aBATCH-UPD$b00$c20221121$lBLL01$h1340
=CAT  \\$aIPL-CLA$c20221231$lBLL01$h1450
=CFI  0\$aCurrent copyright fee: GBP43.00$c2\0$e01-jan-2023$fGBP43.00$g0$hP$5Uk
=CFI  2\$aPrevious copyright fee: GBP41.00$c2\0$e01-jan-2021$fGBP41.00$g0$hP$5Uk
=FFP  \\$aY$bBLDSS-3PM
=FIN  \\$aY$d20090810
=LET  \0$aEnvironmental hazards (Electronic)
=LKR  \\$aPAR$b012433111$lBLL01$nGlobal environmental change. Part B, Environmental hazards (Online)$mEnvironmental hazards (Online)$r78000
=LKR  \\$aPAR$b013212683$lBLL01$r776$mEnvironmental hazards (Online)$nEnvironmental hazards (Print)
=MNI  \\$a1747-7891
=TCO  \\$aCLA$bCLA$c008
=TOC  \\$aETOC
=ACF  \\$aBritish Library not licensed to copy$c0$e01-jul-2011$hC$iCLA Excluded$5Uk
=ACF  \\$aPrevious Copyright Fee: GBP30.00$c0$e01-oct-2009$fGBP30.00$g0$hC$5Uk
=ACF  \\$aPrevious copyright fee: GBP6.00$c0$e13-aug-2009$fGBP6.00$g0$hA$5Uk
=ACF  \\$aCurrent copyright fee: GBP20.00$c5\1$e01-jan-2009$fGBP20.00$g0$hP$5Uk
=ACF  \\$aPrevious copyright fee: GBP19.00$c5\1$e01-jan-2008$fGBP19.00$g0$hP$5Uk
=ACF  \\$aPrevious Copyright Fee: GBP18.00$c5\1$e18-oct-2007$fGBP18.00$g0$hP$5Uk
=ACF  \\$aPrevious Copyright Fee: GBP25.00$c2\0$e16-nov-2011$fGBP25.00$g0$hP$5Uk
=ACF  \\$aPrevious copyright fee: GBP27.00$c2\0$e01-jan-2012$fGBP27.00$g0$hP$5Uk
=ACF  \\$aPrevious copyright fee: GBP27.50$c2\0$e01-jan-2013$fGBP27.50$g0$hP$5Uk
=ACF  \\$aPrevious copyright fee: GBP28.00$c2\0$e01-jan-2014$fGBP28.00$g0$hP$5Uk
=ACF  \\$aPrevious copyright fee: GBP30.00$c2\0$e01-jan-2015$fGBP30.00$g0$hP$5Uk
=ACF  \\$aPrevious copyright fee: GBP34.00$c2\0$e01-jan-2016$fGBP34.00$g0$hP$5Uk
=ACF  \\$aPrevious Copyright Fee: GBP31.00$c2\0$e01-apr-2016$fGBP31.00$g0$hP$5Uk
=ACF  \\$aPrevious copyright fee: GBP33.00$c2\0$e01-jan-2017$fGBP33.00$g0$hP$5Uk
=ACF  \\$aPrevious copyright fee: GBP35.00$c2\0$e01-jan-2018$fGBP35.00$g0$hP$5Uk
=ACF  \\$aPrevious copyright fee: GBP37.00$c2\0$e01-jan-2019$fGBP37.00$g0$hP$5Uk
=ACF  \\$aPrevious copyright fee: GBP39.00$c2\0$e01-jan-2020$fGBP39.00$g0$hP$5Uk
=LAS  \\$aIPL-CLA$b00$c20221231$lBLL01$h1450

