=LDR  04141cas a2200985 a 4500
=001  015350133
=003  Uk
=005  20221231145008.0
=006  m\\\\\o\\d\\\\\\\\
=007  cr\cn|||||||||
=008  061011c20049999cc\br\pso\\\\\0\\\a0eng\c
=FMT  \\$a  SE
=010  \\$a  2006263989
=022  0\$a2042-0226$202
=035  \\$a(OCoLC)72590238
=037  \\$a???$bSpringer
=040  \\$aTXA$beng$cTXA$dTXA$dOCLCS$dOCLCQ$dOCLCF$dOCLCO$dCUS$dUk
=042  \\$aissnuk$aukblsr
=050  14$aQR185.5$b.C45
=082  04$a616.079$223
=130  0\$aCellular and molecular immunology (Online)
=210  0\$aCell. mol. immunol.$b(Online)
=222  \0$aCellular & molecular immunology$b(Online)
=245  10$aCellular & molecular immunology$h[electronic resource].
=246  1\$iAlso known as:$aCMI
=246  3\$aCellular and molecular immunology
=260  \\$aBeijing, China :$bChinese Society of Immunology
=264  31$32010-$aBeijing, China :$bChinese Society of Immunology ;$aHefei, China :$bUniversity of Science and Technology of China ;$a[London] :$bNature Publishing Group
=310  \\$aBimonthly
=336  \\$atext$2rdacontent
=337  \\$acomputer$2rdamedia
=338  \\$aonline resource$2rdacarrier
=362  0\$aVol. 1, issue 1 (Feb. 2004)-
=500  \\$aTitle from issue table of contents (CMI site, viewed Oct. 11, 2006).
=538  \\$aMode of access: World Wide Web.
=588  \\$aLatest issue consulted: volume 11, number 5 (September 2014) (Nature.com, viewed September 30, 2014).
=540  \\$aCurrent copyright fee: GBP34.95$c16\0$5Uk
=650  \0$aImmunology$vPeriodicals.
=650  \0$aCellular immunity$vPeriodicals.
=650  \0$aMolecular biology$vPeriodicals.
=776  0\$tCellular & molecular immunology$x1672-7681
=710  2\$aZhongguo mian yi xue hui.
=710  2\$aZhongguo ke xue ji shu da xue.
=776  08$iPrint version:$tCellular & molecular immunology$x1672-7681
=856  \\$31850-9999$uhttp://www.nature.com/$xBLDSS
=856  40$uhttp://www.cmi.ustc.edu.cn
=856  40$uhttp://www.nature.com/cmi/index.html
=859  \\$aELD$bejournal
=852  41$aBritish Library$bHMNTS$jELD Digital store$3Volume 15:Issue 10(2018)-
=852  \\$aBritish Library$bDSC$j3097.923000$3Volume 11:Issue 1(2014)-***See ESTAR for full holdings.
=945  \\$aCellular and molecular immunology.
=985  \\$aISSN title from home page html header (viewed Sept. 29, 2011).
=985  \\$aISSN responsibility offered to China - see email correspondence, Richard, 21/01/15.
=CAT  \\$a11316$b40$c20090817$lBLL01$h1136
=CAT  \\$a5552$b40$c20110324$lBLL01$h1409
=CAT  \\$a5997$b40$c20110929$lBLL01$h1403
=CAT  \\$a5552$b40$c20131016$lBLL01$h0850
=CAT  \\$a12654$b40$c20140211$lBLL01$h1600
=CAT  \\$a12654$b40$c20140307$lBLL01$h0853
=CAT  \\$a11316$b40$c20140930$lBLL01$h1511
=CAT  \\$a11316$b40$c20140930$lBLL01$h1519
=CAT  \\$a11313$b40$c20141216$lBLL01$h0822
=CAT  \\$aBLDSS-3PM$b00$c20150111$lBLL01$h1524
=CAT  \\$a10806$b40$c20150120$lBLL01$h1327
=CAT  \\$a10806$b40$c20150121$lBLL01$h1131
=CAT  \\$a5410$b40$c20151003$lBLL01$h1224
=CAT  \\$aBATCH-UPD$b40$c20160707$lBLL01$h1244
=CAT  \\$aBATCH-UPD$b40$c20171121$lBLL01$h1636
=CAT  \\$aIPL-CLA$c20171231$lBLL01$h1754
=CAT  \\$a14586$b40$c20180115$lBLL01$h1516
=CAT  \\$aBATCH-UPD$b40$c20221121$lBLL01$h1331
=CAT  \\$aIPL-CLA$c20221231$lBLL01$h1450
=CFI  0\$aCurrent copyright fee: GBP34.95$c16\0$e01-jan-2023$fGBP34.95$g0$hP$5Uk
=CFI  2\$aPrevious copyright fee: GBP24.00$c16\0$e01-jan-2018$fGBP24.00$g0$hP$5Uk
=FFP  \\$aY$bBLDSS-3PM
=FIN  \\$aY$d20110929
=LET  \0$aCellular & molecular immunology (Electronic)
=LKR  \\$aPAR$b013322938$lBLL01$nCellular & molecular immunology (Print)$mCellular & molecular immunology (Online)$r776
=MNI  \\$a1672-7681
=SID  \\$aZ39$bOCLC
=TCO  \\$aCLA$bCLA$c008
=TOC  \\$aETOC
=UNO  \\$aY
=ACF  \\$aPrevious copyright fee: GBP22.00$c16\0$e24-mar-2011$fGBP22.00$g0$hP$5Uk
=LAS  \\$aIPL-CLA$b00$c20221231$lBLL01$h1450

