=LDR  03798cas a2200925 a 4500
=001  015450437
=003  Uk
=005  20191030111458.0
=006  m\\\\\\\\d\|\\\\\\
=007  cr||||||||||||
=008  091217c19999999enkqr\p\s\\\\\0\\\a0eng\\
=FMT  \\$a  SE
=015  \\$aGBB3B4997$2bnb
=022  0\$a2042-8669$y1466-8203$202
=037  \\$aISSN_14668203$bPortico$nEmerald
=040  \\$aUk$beng$cUk
=042  \\$aissnuk$aukblsr
=082  04$a362.6$223
=130  0\$aJournal of adult protection (Online)
=222  \4$aThe journal of adult protection$b(Online)
=245  14$aThe journal of adult protection$h[electronic resource].
=260  \\$aHove :$bPier Professional
=260  3\$aBingley :$bEmerald
=310  \\$aQuarterly
=336  \\$atext$2rdacontent
=337  \\$acomputer$2rdamedia
=338  \\$aonline resource$2rdacarrier
=362  0\$aVol. 1, issue 1 (1999)-
=538  \\$aMode of access: World Wide Web.
=500  \\$aTitle from contents screen (Emerald, viewed Jan. 19, 2013).
=588  \\$aLatest issue consulted: Vol. 14, issue 6 (2012) (viewed Jan. 19, 2013).
=540  \\$aCurrent copyright fee: GBP30.00$c25\0$5Uk
=650  \0$aOlder people$xAbuse of$xPrevention$vPeriodicals.
=690  7\$aSocial Welfare$2blcoll
=776  0\$iAlso issued in print:$tJournal of adult protection$x1466-8203
=859  \\$aELD$bejournal
=856  \\$31850-9999$uhttp://www.emeraldinsight.com/$xBLDSS
=856  4\$uhttp://pierprofessional.metapress.com/content/121398/
=856  4\$uhttp://www.emeraldinsight.com/journals.htm?issn=1466-8203
=852  \\$aBritish Library$bDSC$j4918.945400$3Volume 17:Issue 1(2015)-
=852  41$aBritish Library$bHMNTS$jELD Digital store$3Volume 16:Issue 1(2014)-***Previous issues available in print copy
=945  \\$aJOURNAL OF ADULT PROTECTION.
=959  \\$fCurrently Recieved
=985  \\$aISSN completion based on: Vol. 1, no. 1 (Aug. 1999); title from title screen (publisher's Web site, viewed Dec. 17, 2009).
=985  \\$aEjournals project 2012.
=CAT  \\$a11315$b40$c20091217$lBLL01$h1533
=CAT  \\$a11316$b40$c20091222$lBLL01$h1509
=CAT  \\$a5552$b40$c20111024$lBLL01$h1402
=CAT  \\$a5997$b40$c20130119$lBLL01$h0852
=CAT  \\$a5997$b40$c20130119$lBLL01$h1037
=CAT  \\$aWR13.050$c20130324$lBLL01$h1446
=CAT  \\$aBATCH-UPD$b00$c20130904$lBLL01$h1927
=CAT  \\$aIPL-CLA$c20130930$lBLL01$h1805
=CAT  \\$a8478$b40$c20131129$lBLL01$h0938
=CAT  \\$a8478$b40$c20131129$lBLL01$h0939
=CAT  \\$aBATCH-SWP$c20131207$lBLL01$h0128
=CAT  \\$a11316$b40$c20131216$lBLL01$h1341
=CAT  \\$aWR14_009$c20140204$lBLL01$h2345
=CAT  \\$aWR14_140$c20140905$lBLL01$h1823
=CAT  \\$aBLDSS-3PM$b00$c20141121$lBLL01$h1853
=CAT  \\$aBATCH-UPD$b00$c20151109$lBLL01$h1747
=CAT  \\$aIPL-CLA$c20151109$lBLL01$h1813
=CAT  \\$aBATCH-UPD$b00$c20160413$lBLL01$h1824
=CAT  \\$aBATCH-UPD$b00$c20160615$lBLL01$h1732
=CAT  \\$aW1711-1005$c20171206$lBLL01$h1822
=CAT  \\$a5410$b40$c20191029$lBLL01$h1131
=CAT  \\$a5410$b40$c20191030$lBLL01$h0833
=CAT  \\$a5410$b40$c20191030$lBLL01$h1114
=CFI  0\$aCurrent copyright fee: GBP30.00$c25\0$e09-nov-2015$fGBP30.00$g0$hP$5Uk
=CFI  2\$aPrevious copyright fee: GBP20.00$c25\0$e01-oct-2013$fGBP20.00$g0$hP$5Uk
=FFP  \\$aY$bBLDSS-3PM
=FIN  \\$aY$d20091217
=LET  \0$aJournal of adult protection (Electronic)
=LKR  \\$aPAR$b009905996$lBLL01$nThe journal of adult protection (Print)$mThe Journal of adult protection (Online)$r776
=MNI  \\$a1466-8203
=TCO  \\$aCLA$bCLA$c008
=TOC  \\$aETOC
=UNO  \\$aY
=ACF  \\$aPrevious copyright fee: GBP15.00$c25\0$e24-oct-2011$fGBP15.00$g0$hP$5Uk
=LAS  \\$a5410$b40$c20191030$lBLL01$h1114

