=LDR  03232cas a2200805 a 4500
=001  015450985
=003  Uk
=005  20200124144516.0
=006  m\\\\\\\\d\|\\\\\\
=007  cr||||||||||||
=008  091218c19979999enkqr\p\s\\\\\0\\\a0eng\\
=FMT  \\$a  SE
=015  \\$aGBB3B4968$2bnb
=022  0\$a2042-8790$y1366-3666$202
=037  \\$aISSN_13663666$bPortico$nEmerald
=040  \\$aUk$beng$cUk
=042  \\$aissnuk$aukblsr
=082  04$a362.6094105$222
=130  0\$aWorking with older people (Online)
=222  \0$aWorking with older people$b(Online)
=245  10$aWorking with older people$h[electronic resource].
=260  \\$aHove :$bPier Professional,$c2009-
=260  3\$aBingley :$bEmerald
=310  \\$aQuarterly
=336  \\$atext$2rdacontent
=337  \\$acomputer$2rdamedia
=338  \\$aonline resource$2rdacarrier
=362  1\$aPrint began with vol. 1, issue 1 (Apr. 1997).
=538  \\$aMode of access: World Wide Web.
=540  \\$aCurrent copyright fee: GBP30.00$c25\0$5Uk
=588  \\$aDescription from print version record.
=588  \\$aLatest issue consulted: Vol. 16, issue 4 (2012) (Emerald, viewed Jan. 17, 2013).
=650  \0$aCommunity health services for older people$zGreat Britain$vPeriodicals.
=690  7\$aSocial Welfare$2blcoll
=776  0\$iAlso issue in print:$tWorking with older people$x1366-3666
=859  \\$aELD$bejournal
=856  \\$31850-9999$uhttp://www.emeraldinsight.com/$xBLDSS
=856  40$uhttp://pierprofessional.metapress.com/content/121404/
=856  40$uhttp://www.emeraldinsight.com/journals.htm?issn=1366-3666
=852  \\$aBritish Library$bDSC$j9348.648500$3Volume 19:Issue 1(2015)-
=852  41$aBritish Library$bHMNTS$jELD Digital store$3Volume 18:Issue 1(2014)-***Previous issues available in print copy
=945  \\$aWorking with older people
=959  \\$fCurrently received
=985  \\$aISSN completion based on: Vol. 4, no. 1 (Jan. 2000); title from title screen (publisher's Web site, viewed Dec. 18, 2009).
=CAT  \\$a11315$b40$c20091218$lBLL01$h1449
=CAT  \\$a11316$b40$c20091223$lBLL01$h0937
=CAT  \\$a5997$b40$c20130117$lBLL01$h1336
=CAT  \\$a5997$b40$c20130119$lBLL01$h1029
=CAT  \\$a8478$b40$c20131128$lBLL01$h1207
=CAT  \\$a8478$b40$c20131128$lBLL01$h1208
=CAT  \\$aBATCH-SWP$c20131207$lBLL01$h0128
=CAT  \\$a11316$b40$c20131216$lBLL01$h1134
=CAT  \\$aWR14_009$c20140204$lBLL01$h2345
=CAT  \\$aWR14_140$c20140905$lBLL01$h1823
=CAT  \\$a5552$b40$c20170427$lBLL01$h0854
=CAT  \\$aW1711-1005$c20171205$lBLL01$h2211
=CAT  \\$a5552$b40$c20181115$lBLL01$h0849
=CAT  \\$aBLDSS-3PM$b00$c20181123$lBLL01$h1535
=CAT  \\$aBATCH-UPD$b00$c20181123$lBLL01$h1535
=CAT  \\$a5410$b40$c20200124$lBLL01$h1445
=CFI  0\$aCurrent copyright fee: GBP30.00$c25\0$e15-nov-2018$fGBP30.00$g0$hP$5Uk
=FFP  \\$aY$bBLDSS-3PM
=FIN  \\$aY$d20091218
=LET  \0$aWorking with older people (Online)
=LKR  \\$aPAR$b007920001$lBLL01$nWorking older people (Print)$mWorking older people (Online)$r776
=MNI  \\$a1366-3666
=TCO  \\$aCLA$bCLA$c008
=TOC  \\$aETOC
=UNO  \\$aY
=LAS  \\$a5410$b40$c20200124$lBLL01$h1445

