=LDR  03418cas a2200829 a 4500
=001  015456151
=003  Uk
=005  20131125090018.0
=006  m\\\\\\\\d\\\\\\\\
=007  cr||||||||||||
=008  091230c20049999enkqr\p\s\\\\\0\\\a0eng\\
=FMT  \\$a  SE
=015  \\$aGBB002732$2bnb
=022  0\$a1758-8510$202
=037  \\$aISSN_17415659$bPortico$nEmerald
=040  \\$aUk$beng$cUk
=042  \\$aissnuk$aukblsr
=082  04$a006.7$222
=130  0\$aInteractive technology and smart education (Online)
=222  \0$aInteractive technology and smart education$b(Online)
=245  10$aInteractive technology and smart education$h[electronic resource].
=260  \\$aBingley :$bEmerald
=310  \\$aQuarterly
=336  \\$atext$2rdacontent
=337  \\$acomputer$2rdamedia
=338  \\$aonline resource$2rdacarrier
=362  0\$aVol. 1, no. 1 (Feb 2004)-
=530  \\$aAlso issued in print.
=538  \\$aMode of access: World Wide Web.
=500  \\$aTitle from contents screen (Emerald, viewed on Dec. 30, 2009).
=540  \\$aCurrent copyright fee: GBP30.00$c25\0$5Uk
=650  \0$aInteractive multimedia$vPeriodicals.
=650  \0$aEducational technology$vPeriodicals.
=776  1\$tInteractive multimedia$x1741-5659
=859  \\$aELD$bejournal
=856  \\$31850-9999$uhttp://www.emeraldinsight.com/$xBLDSS
=856  40$uhttp://info.emeraldinsight.com/products/journals/journals.htm?PHPSESSID=ouk43674j44hafv5dfnbr7j7u5&id=itse
=852  41$aBritish Library$bHMNTS$jELD Digital store$3Volume 10:Issue 1(2013)-***Previous issues available in print copy
=852  41$aBritish Library$bDSC$j4531.872358$3Volume 6:Issue 1(2009)-Volume 8:Issue 4(2011)***See ESTAR for full holdings.
=945  \\$aInteractive technology and smart education
=959  \\$fHeld but not currently received
=985  \\$aCONFERENCE ANALYTIC RECORDS EXIST
=CAT  \\$a5997$b40$c20091230$lBLL01$h1455
=CAT  \\$a5997$b40$c20091230$lBLL01$h1524
=CAT  \\$a5997$b40$c20091230$lBLL01$h1525
=CAT  \\$a11033$b40$c20100318$lBLL01$h1338
=CAT  \\$aCDS12-UPD$b40$c20111212$lBLL01$h1842
=CAT  \\$a10997$b40$c20121130$lBLL01$h1206
=CAT  \\$aWR13.050$c20130324$lBLL01$h1446
=CAT  \\$aBATCH-UPD$b00$c20130904$lBLL01$h1927
=CAT  \\$aIPL-CLA$c20130930$lBLL01$h1806
=CAT  \\$a8464$b40$c20131118$lBLL01$h1130
=CAT  \\$a8464$b40$c20131118$lBLL01$h1131
=CAT  \\$a11316$b40$c20131125$lBLL01$h0900
=CAT  \\$aWR14_009$c20140204$lBLL01$h2345
=CAT  \\$aWR14_140$c20140905$lBLL01$h1823
=CAT  \\$aBLDSS-3PM$b00$c20141121$lBLL01$h1853
=CAT  \\$aBATCH-UPD$b00$c20151109$lBLL01$h1747
=CAT  \\$aIPL-CLA$c20151109$lBLL01$h1813
=CAT  \\$aBATCH-UPD$b00$c20160705$lBLL01$h2328
=CAT  \\$aW1711-1005$c20171206$lBLL01$h1822
=CFI  0\$aCurrent copyright fee: GBP30.00$c25\0$e09-nov-2015$fGBP30.00$g0$hP$5Uk
=CFI  2\$aPrevious copyright fee: GBP20.00$c25\0$e01-oct-2013$fGBP20.00$g0$hP$5Uk
=FFP  \\$aY$bBLDSS-3PM
=FIN  \\$aY$d20131125
=LKR  \\$aPAR$b007880866$lBLL01$nInteractive technology and smart education (Print)$mInteractive technology and smart education (Online)$r776
=MNI  \\$a1741-5659
=TCO  \\$aCLA$bCLA$c008
=TOC  \\$aETOC
=UNO  \\$aY
=ACF  \\$aPrevious Copyright Fee: GBP15.00$c25\0$e18-mar-2010$fGBP15.00$g0$hP$5Uk
=LAS  \\$aW1711-1005$b00$c20171206$lBLL01$h1822

