=LDR  03557cas a2200841 a 4500
=001  015463708
=003  Uk
=005  20131209112345.0
=006  m\\\\\\\\d\\\\\\\\
=007  cr||||||||||||
=008  100113c20089999enkqr\p\s\\\\\0\\\a0eng\\
=FMT  \\$a  SE
=015  \\$aGBB005542$2bnb
=022  0\$a1753-8289$y1753-8270$202
=037  \\$aISSN_17538270$bPortico$nEmerald
=040  \\$aUk$beng$cUk$dUk
=042  \\$aissnuk$aukblsr
=082  04$a333.3382205$222
=130  0\$aInternational journal of housing markets and analysis (Online)
=222  \0$aInternational journal of housing markets and analysis$b(Online)
=245  10$aInternational journal of housing markets and analysis$h[electronic resource].
=246  30$aHousing markets and analysis
=260  \\$aBingley :$bEmerald,$c2008-
=310  \\$aQuarterly
=336  \\$atext$2rdacontent
=337  \\$acomputer$2rdamedia
=338  \\$aonline resource$2rdacarrier
=362  0\$aVol. 1, issue 1 (2008)-
=530  \\$aAlso issued in print.
=538  \\$aMode of access: World Wide Web.
=500  \\$aTitle from journal issue list (Emerald, viewed on Jan. 13, 2010).
=540  \\$aCurrent copyright fee: GBP30.00$c25\0$5Uk
=650  \0$aResidential real estate$vPeriodicals.
=690  7\$aManagement and Business Studies$2blcoll
=776  1\$tInternational journal of housing markets and analysis$x1753-8270
=859  \\$aELD$bejournal
=856  \\$31850-9999$uhttp://www.emeraldinsight.com/$xBLDSS
=856  40$uhttp://info.emeraldinsight.com/products/journals/journals.htm?id=ijhma
=852  41$aBritish Library$bHMNTS$jELD Digital store$3Volume 7:Issue 1(2014)-***Previous issues available in print copy
=852  41$aBritish Library$bDSC$j4542.284000$3Volume 1:Issue 2(2008)-Volume 4:Issue 4(2011)***See ESTAR for full holdings.
=945  \\$aInternational journal of housing markets and analysis
=959  \\$fHeld but not currently received
=CAT  \\$a5997$b40$c20100113$lBLL01$h1340
=CAT  \\$a11033$b40$c20100318$lBLL01$h1206
=CAT  \\$aBATCH690$c20100715$lBLL01$h2117
=CAT  \\$aBATCH-MBS$c20100716$lBLL01$h2058
=CAT  \\$a11316$b40$c20100914$lBLL01$h0815
=CAT  \\$a11312$b40$c20101213$lBLL01$h1007
=CAT  \\$aCDS12-UPD$b40$c20111212$lBLL01$h1842
=CAT  \\$aWR13.050$c20130324$lBLL01$h1445
=CAT  \\$a5997$b40$c20130612$lBLL01$h1517
=CAT  \\$aBATCH-UPD$b40$c20130904$lBLL01$h1927
=CAT  \\$aIPL-CLA$c20130930$lBLL01$h1806
=CAT  \\$a8464$b40$c20131203$lBLL01$h0854
=CAT  \\$a8464$b40$c20131203$lBLL01$h0855
=CAT  \\$a11316$b40$c20131209$lBLL01$h1123
=CAT  \\$aWR14_009$c20140204$lBLL01$h2345
=CAT  \\$aBLDSS-3PM$b00$c20141121$lBLL01$h1853
=CAT  \\$aBATCH-UPD$b00$c20151109$lBLL01$h1747
=CAT  \\$aIPL-CLA$c20151109$lBLL01$h1813
=CAT  \\$aBATCH-UPD$b00$c20160608$lBLL01$h0013
=CAT  \\$aW1711-1005$c20171206$lBLL01$h1822
=CFI  0\$aCurrent copyright fee: GBP30.00$c25\0$e09-nov-2015$fGBP30.00$g0$hP$5Uk
=CFI  2\$aPrevious copyright fee: GBP20.00$c25\0$e01-oct-2013$fGBP20.00$g0$hP$5Uk
=FFP  \\$aY$bBLDSS-3PM
=FIN  \\$aY$d20100113
=LKR  \\$aPAR$b013658954$lBLL01$nInternational journal of housing markets and analysis (Print)$mInternational journal of housing markets and analysis (Online)$r776
=MNI  \\$a1753-8270
=TCO  \\$aCLA$bCLA$c008
=TOC  \\$aETOC
=UNO  \\$aY
=ACF  \\$aPrevious Copyright Fee: GBP15.00$c25\0$e18-mar-2010$fGBP15.00$g0$hP$5Uk
=LAS  \\$aW1711-1005$b00$c20171206$lBLL01$h1822

