=LDR  03536cas a2200865 i 4500
=001  015528952
=003  Uk
=005  20220916130444.0
=006  m\\\\\\\\d\|\\\\\\
=007  cr||||||||||||
=008  100413c20109999enkqr\p\s\\\\\0\\\a0eng\\
=FMT  \\$a  SE
=015  \\$aGBB400042$2bnb
=022  0\$a2044-1835$y1471-7794$202
=037  \\$aISSN_14717794$bPortico$nEmerald
=040  \\$aUk$beng$cUk$erda
=042  \\$aissnuk$aukblsr
=082  04$a305.2605$223
=222  \0$aQuality in ageing and older adults$b(Online)
=245  00$aQuality in ageing and older adults.
=260  \\$aHove :$bPier Professional,$c[2010]-
=264  31$a[Bingley] :$bEmerald Group Publishing Limited
=310  \\$aQuarterly
=336  \\$atext$2rdacontent
=337  \\$acomputer$2rdamedia
=338  \\$aonline resource$2rdacarrier
=362  1\$aPrint version began with volume 11, issue 1 (March 2010).
=580  \\$aIncludes issues of earlier title: Quality in ageing.
=588  \\$aDescription based on print record.
=588  \\$aLatest issue consulted: volume 14, issue 4 (2013) (Emerald, viewed January 2, 2014).
=540  \\$aCurrent copyright fee: GBP30.00$c25\0$5Uk
=650  \0$aOlder people$vPeriodicals.
=650  \0$aAging$vPeriodicals.
=690  7\$aSocial Welfare$2blcoll
=776  08$iAlso issued in print as:$tQuality in ageing and older adults$x2044-1827
=780  00$tQuality in ageing$x2042-8766
=859  \\$aELD$bejournal
=856  \\$31850-9999$uhttp://www.emeraldinsight.com/$xBLDSS
=856  4\$uhttp://pierprofessional.metapress.com/content/121403
=856  40$uhttp://www.emeraldinsight.com/journals.htm?issn=1471-7794
=852  \\$aBritish Library$bDSC$j7168.134150$3Volume 16:Issue 1(2015)-
=852  41$aBritish Library$bHMNTS$jELD Digital store$3Volume 15:Number 1(2014)-***Previous issues available in print copy
=945  \\$aQuality in ageing and older adults
=959  \\$fCurrently received
=CAT  \\$a11315$b40$c20100413$lBLL01$h1440
=CAT  \\$a5552$b40$c20111024$lBLL01$h1407
=CAT  \\$aWR13.050$c20130324$lBLL01$h1445
=CAT  \\$aBATCH-UPD$b00$c20130904$lBLL01$h1927
=CAT  \\$aIPL-CLA$c20130930$lBLL01$h1807
=CAT  \\$a14112$b40$c20131223$lBLL01$h0940
=CAT  \\$a14112$b40$c20131223$lBLL01$h0941
=CAT  \\$a11316$b40$c20140102$lBLL01$h1117
=CAT  \\$aBATCH-SWP$c20140103$lBLL01$h2324
=CAT  \\$aWR14_009$c20140204$lBLL01$h2345
=CAT  \\$aBLDSS-3PM$b00$c20141121$lBLL01$h1853
=CAT  \\$aBATCH-UPD$b00$c20151109$lBLL01$h1748
=CAT  \\$aIPL-CLA$c20151109$lBLL01$h1813
=CAT  \\$aBATCH-UPD$b00$c20160413$lBLL01$h1824
=CAT  \\$aBATCH-UPD$b00$c20160615$lBLL01$h1756
=CAT  \\$aW1711-1005$c20171206$lBLL01$h1822
=CAT  \\$a12654$b40$c20190715$lBLL01$h1123
=CAT  \\$a10806$b40$c20220915$lBLL01$h1137
=CAT  \\$a8055$b40$c20220916$lBLL01$h1304
=CFI  0\$aCurrent copyright fee: GBP30.00$c25\0$e09-nov-2015$fGBP30.00$g0$hP$5Uk
=CFI  2\$aPrevious copyright fee: GBP20.00$c25\0$e01-oct-2013$fGBP20.00$g0$hP$5Uk
=FFP  \\$aY$bBLDSS-3PM
=FIN  \\$aY$d20100413
=LET  \0$aQuality in ageing and older adults (Electronic)
=LKR  \\$aPAR$b015528879$lBLL01$nQuality in ageing and older adults (Print)$mQuality in ageing and older adults (Online)$r776
=MNI  \\$a2044-1827
=TCO  \\$aCLA$bCLA$c008
=TOC  \\$aETOC
=UNO  \\$aY
=ACF  \\$aPrevious copyright fee: GBP15.00$c25\0$e24-oct-2011$fGBP15.00$g0$hP$5Uk
=LAS  \\$a8055$b40$c20220916$lBLL01$h1304

