=LDR  04996cas a2201093 a 4500
=001  015568964
=003  Uk
=005  20221231145031.0
=006  m\\\\\\\\d\|\\\\\\
=007  cr||||||||||||
=008  100603c20119999enkbx\p\s\\\\\0\\\a0eng\\
=FMT  \\$a  SE
=015  \\$aGBB5H9427$2bnb
=022  0\$a2044-592X$y2044-5911
=037  \\$aISSN_20445911$bPortico$nTaylor & Francis
=040  \\$aUk$beng$cUk$dUk
=042  \\$aukblsr
=082  04$a153.05$222
=130  0\$aJournal of cognitive psychology (Online)
=222  \0$aJournal of cognitive psychology$b(Online)
=245  10$aJournal of cognitive psychology$h[electronic resource].
=260  \\$aHove :$bPsychology Press
=264  31$a[Abingdon] :$bRoutledge
=310  \\$aEight issues yearly
=336  \\$atext$2rdacontent
=337  \\$acomputer$2rdamedia
=338  \\$aonline resource$2rdacarrier
=362  0\$aVol. 23, issue 1 (2011)-
=550  \\$aOfficial journal of the European Society for Cognitive Psychology.
=530  \\$aAlso issued in print.
=588  \\$aTitle from issues screen (Taylor & Francis Online, viewed July 28, 2011).
=588  \\$aLatest issue consulted: volume 27, issue 8 (2015).
=540  \\$aCurrent copyright fee: GBP37.00$c2\0$5Uk
=650  \0$aCognitive psychology$vPeriodicals.
=710  2\$aEuropean Society for Cognitive Psychology.
=776  0\$tJournal of cognitive psychology$x2044-5911
=780  00$tEuropean journal of cognitive psychology (Online)$x1464-0635
=859  \\$aELD$bejournal
=856  \\$31850-9999$uhttp://www.tandfonline.com/$xBLDSS
=856  4\$uhttp://www.tandf.co.uk/journals/pp/09541446.html
=856  40$uhttp://www.tandfonline.com/loi/pecp21
=852  41$aBritish Library$bHMNTS$jELD Digital store$3Volume 28:Issue 1(2016)-
=852  41$aBritish Library$bDSC$j4958.799100$3Volume 23:Issue 1(2011)-Volume 23:Issue 8(2011)***See ESTAR for full holdings.
=945  \\$aJournal of cognitive psychology -Psychology Press-
=959  \\$fHeld but not currently received
=985  \\$aISSN completion based on: journal homepage, viewed 17/03/11.
=985  \\$aISSN responsibility transferred to U.S. ISSN Center, 27/12/13.
=CAT  \\$a11315$b40$c20100603$lBLL01$h1519
=CAT  \\$aBATCH-UPD$b00$c20131119$lBLL01$h2002
=CAT  \\$a10973$b40$c20131223$lBLL01$h1032
=CAT  \\$a10806$b40$c20131227$lBLL01$h1444
=CAT  \\$aIPL-CLA$c20140101$lBLL01$h0131
=CAT  \\$aBATCH-UPD$b00$c20141124$lBLL01$h1805
=CAT  \\$aBLDSS-3PM$b00$c20141130$lBLL01$h1250
=CAT  \\$aIPL-CLA$c20141231$lBLL01$h1701
=CAT  \\$aBATCH-UPD$b00$c20151119$lBLL01$h1545
=CAT  \\$a8483$b40$c20151215$lBLL01$h1033
=CAT  \\$aIPL-CLA$c20151231$lBLL01$h1932
=CAT  \\$a11433$b40$c20160123$lBLL01$h1434
=CAT  \\$aBATCH-UPD$b40$c20160724$lBLL01$h2334
=CAT  \\$aBATCH-UPD$b40$c20161122$lBLL01$h1514
=CAT  \\$aIPL-CLA$c20161230$lBLL01$h2344
=CAT  \\$aBATCH-UPD$b00$c20171121$lBLL01$h1649
=CAT  \\$aW1711-1005$c20171206$lBLL01$h1822
=CAT  \\$aIPL-CLA$c20171231$lBLL01$h1801
=CAT  \\$aBATCH-UPD$b00$c20181217$lBLL01$h1640
=CAT  \\$aIPL-CLA$c20181231$lBLL01$h1550
=CAT  \\$aBATCH-UPD$b00$c20191122$lBLL01$h1902
=CAT  \\$aIPL-CLA$c20191231$lBLL01$h2023
=CAT  \\$aBATCH-UPD$b00$c20201118$lBLL01$h1336
=CAT  \\$aIPL-CLA$c20201231$lBLL01$h1531
=CAT  \\$aBATCH-UPD$b00$c20221121$lBLL01$h1349
=CAT  \\$aIPL-CLA$c20221231$lBLL01$h1450
=CFI  0\$aCurrent copyright fee: GBP37.00$c2\0$e01-jan-2023$fGBP37.00$g0$hP$5Uk
=CFI  2\$aPrevious copyright fee: GBP35.00$c2\0$e01-jan-2021$fGBP35.00$g0$hP$5Uk
=FFP  \\$aY$bBLDSS-3PM
=FIN  \\$aY$d20110317
=LET  \0$aJournal of cognitive psychology (Online)
=LKR  \\$aPAR$b015568962$lBLL01$r776$mJournal of cognitive psychology (Online)$nJournal of cognitive psychology (Print)
=LKR  \\$aPAR$b013354959$lBLL01$nEuropean journal of cognitive psychology$mJournal of cognitive psychology$r78000
=MNI  \\$a2044-5911
=TCO  \\$aCLA$bCLA$c008
=TOC  \\$aETOC
=ACF  \\$aPrevious copyright fee: GBP21.00$c2\0$e04-jul-2011$fGBP21.00$g0$hP$5Uk
=ACF  \\$aPrevious copyright fee: GBP23.00$c2\0$e01-jan-2012$fGBP23.00$g0$hP$5Uk
=ACF  \\$aPrevious copyright fee: GBP23.50$c2\0$e01-jan-2013$fGBP23.50$g0$hP$5Uk
=ACF  \\$aPrevious copyright fee: GBP24.00$c2\0$e01-jan-2014$fGBP24.00$g0$hP$5Uk
=ACF  \\$aPrevious copyright fee: GBP25.00$c2\0$e01-jan-2015$fGBP25.00$g0$hP$5Uk
=ACF  \\$aPrevious copyright fee: GBP26.00$c2\0$e01-jan-2016$fGBP26.00$g0$hP$5Uk
=ACF  \\$aPrevious copyright fee: GBP28.00$c2\0$e01-jan-2017$fGBP28.00$g0$hP$5Uk
=ACF  \\$aPrevious copyright fee: GBP30.00$c2\0$e01-jan-2018$fGBP30.00$g0$hP$5Uk
=ACF  \\$aPrevious copyright fee: GBP32.00$c2\0$e01-jan-2019$fGBP32.00$g0$hP$5Uk
=ACF  \\$aPrevious copyright fee: GBP34.00$c2\0$e01-jan-2020$fGBP34.00$g0$hP$5Uk
=LAS  \\$aIPL-CLA$b00$c20221231$lBLL01$h1450

