=LDR  02571cas a22006737a 4500
=001  015726706
=003  Uk
=005  20230515080258.0
=006  m\\\\\\\\d\|\\\\\\
=007  cr||||||||||||
=008  110106c20119999enk\x\p\s\\\\\0\\\a0eng\\
=FMT  \\$a  SE
=022  0\$a2046-2174$y2046-2166$202
=040  \\$aUk$beng$cUk
=042  \\$aissnuk
=082  04$a616.398
=210  0\$aInt. j. obes. suppl.$b(Online)
=222  \0$aInternational journal of obesity supplements$b(Online)
=245  00$aInternational journal of obesity supplements$h[electronic resource].
=260  \\$aLondon :$bNature Publishing Group
=310  \\$aIrregular
=336  \\$atext$2rdacontent
=337  \\$acomputer$2rdamedia
=338  \\$aonline resource$2rdacarrier
=588  0\$aDo not confuse with: International journal of obesity. Supplement where numbering follows that of parent series.
=540  \\$aCurrent copyright fee: GBP34.95$c16\0$5Uk
=776  0\$tInternational journal of obesity supplements$x2046-2166
=856  \\$31850-9999$uhttp://www.nature.com/$xBLDSS
=856  40$uhttp://www.nature.com/ijosup/index.html
=859  \\$aELD$bejournal
=852  \\$aBritish Library$bDSC$j4542.410150
=852  41$aBritish Library$bHMNTS$jELD Digital store$3Volume 8:Number 1(2018)-Volume 9:Number 1(2019)
=945  \\$aInternational journal of obesity supplements
=959  \\$fCurrently received
=CAT  \\$a11316$b40$c20110106$lBLL01$h1409
=CAT  \\$a11130$b40$c20110801$lBLL01$h1328
=CAT  \\$a8323$b40$c20110930$lBLL01$h1102
=CAT  \\$a12654$b40$c20200722$lBLL01$h0828
=CAT  \\$a12654$b40$c20200722$lBLL01$h0831
=CAT  \\$a8055$b40$c20200722$lBLL01$h1022
=CAT  \\$a8055$b40$c20200722$lBLL01$h1121
=CAT  \\$aBLDSS-3PM$b00$c20200727$lBLL01$h1533
=CAT  \\$aBATCH-UPD$b00$c20200727$lBLL01$h1533
=CAT  \\$aBATCH-UNOA$c20200728$lBLL01$h2125
=CAT  \\$a8055$b40$c20201106$lBLL01$h1433
=CAT  \\$a5410$b40$c20201116$lBLL01$h1347
=CAT  \\$aBATCH-UPD$b40$c20221121$lBLL01$h1331
=CAT  \\$aIPL-CLA$c20221231$lBLL01$h1450
=CAT  \\$a8874$b40$c20230515$lBLL01$h0802
=CFI  0\$aCurrent copyright fee: GBP34.95$c16\0$e01-jan-2023$fGBP34.95$g0$hP$5Uk
=CFI  2\$aPrevious copyright fee: GBP24.00$c16\0$e22-jul-2020$fGBP24.00$g0$hP$5Uk
=FFP  \\$aY$bBLDSS-3PM
=FIN  \\$aY$d20110930
=LET  \0$aInternational journal of obesity supplements (Online)
=MNI  \\$a2046-2166
=TCO  \\$aCLA$bCLA$c008
=TOC  \\$aETOC
=UNO  \\$aY
=LAS  \\$a8874$b40$c20230515$lBLL01$h0802

