=LDR  03125cas a2200829 a 4500
=001  015848780
=003  Uk
=005  20221029111150.0
=008  101103c20119999nyu\x\\\o\\\\\0\\\a0eng\\
=FMT  \\$a  SE
=010  \\$a2010202581
=016  7\$a2609311-X$2DE-600
=022  0\$a2158-3188$21
=035  \\$a(OCoLC)676912891
=037  \\$bNature Pub. Group, 75 Varick Street, 9th Floor, New York, NY 10013$aNew York
=037  2\$a???$bSpringer
=040  \\$aDLC$cDLC$dBUF$dDLC$dHEBIS$dUk
=042  \\$ansdp$aukblsr
=082  10$a616.89$223
=222  \0$aTranslational psychiatry
=245  00$aTranslational psychiatry$h[electronic resource].
=260  \\$aNew York, NY :$bNature Pub. Group
=310  \\$aIrregular
=362  1\$aBegan with Vol. 1 (Apr. 2011).
=540  \\$aCurrent copyright fee: zero$c16\0$5Uk
=588  \\$aDescription based on vol. 1 (Apr. 2011); title from journal homepage (publisher's website, viewed Apr. 15, 2011).
=588  \\$aLatest issue consulted: vol. 1 (Aug. 2011) (viewed Sept. 6, 2011).
=650  \0$aPsychiatry$xResearch$vPeriodicals.
=650  \0$aNeurosciences$xResearch$vPeriodicals.
=630  00$aHealth policy$xResearch$vPeriodicals.
=650  \2$aPsychiatry$vPeriodicals.
=650  \2$aNeurosciences$vPeriodicals.
=650  \2$aTranslational Research$vPeriodicals.
=650  \2$aHealth Policy$vPeriodicals.
=650  \2$aPublic Health$vPeriodicals.
=859  \\$aELD$bejournal
=856  \\$31850-9999$uhttp://www.nature.com/$xBLDSS
=856  40$uhttp://www.nature.com/tp
=852  41$aBritish Library$bDSC$j9024.978200$3Volume 1(2011)***See ESTAR for full holdings.
=852  41$aBritish Library$bHMNTS$jELD Digital store$3Volume 7:Issue 11(2017)-
=945  \\$aTranslational psychiatry
=959  \\$fHeld but not currently received
=979  \\$aBritish Library$bDSC$j9024.978200
=CAT  \\$a12500$b40$c20110714$lBLL01$h1547
=CAT  \\$a12500$b40$c20110722$lBLL01$h0946
=CAT  \\$a8483$b40$c20110906$lBLL01$h1218
=CAT  \\$a6811$b40$c20110908$lBLL01$h1525
=CAT  \\$a8346$b40$c20111207$lBLL01$h1110
=CAT  \\$aCDS12-UPD$b40$c20111212$lBLL01$h1857
=CAT  \\$a8409$b40$c20111216$lBLL01$h1601
=CAT  \\$a5552$b40$c20120322$lBLL01$h1424
=CAT  \\$a5552$b40$c20131016$lBLL01$h1037
=CAT  \\$a5552$b40$c20131016$lBLL01$h1100
=CAT  \\$a5552$b40$c20131016$lBLL01$h1108
=CAT  \\$aBLDSS-3PM$b00$c20150111$lBLL01$h1525
=CAT  \\$aWR14_185$c20160214$lBLL01$h1233
=CAT  \\$aBATCH-UPD$b00$c20160605$lBLL01$h0548
=CAT  \\$a11450$b40$c20180109$lBLL01$h1352
=CAT  \\$a11450$b40$c20180110$lBLL01$h1104
=CAT  \\$a5410$b40$c20200316$lBLL01$h1530
=CAT  \\$a5410$b40$c20200316$lBLL01$h1531
=CAT  \\$a5410$b40$c20200318$lBLL01$h1103
=CAT  \\$a5410$b40$c20221029$lBLL01$h1111
=CFI  0\$aCurrent copyright fee: zero$c16\0$e22-mar-2012$fGBP0.00$g0$hP$5Uk
=FFP  \\$aY$bBLDSS-3PM
=FIN  \\$aY$d20110906
=MNI  \\$a2158-3188
=SID  \\$aZ39$bOCLC
=TCO  \\$aZZZ$c008
=TOC  \\$aETOC
=UNO  \\$aY
=LAS  \\$a5410$b40$c20221029$lBLL01$h1111

