=LDR  05164cas a2201153 a 4500
=001  016075280
=003  Uk
=005  20230930081014.0
=006  m\\\\\o\\d\\\\\\\\
=007  cr\un|||||||||
=008  050614c19899999enkbr\pso\\\\\0\\\a0eng\d
=FMT  \\$a  SE
=015  \\$aGBB348112$2bnb
=022  0\$a1973-9478$202
=035  \\$a(OCoLC)60628234
=037  3\$aISSN_1120009X_21$bPortico$nTaylor & Francis
=037  \\$aISSN_1120009X$bPortico$nManey Publishing
=040  \\$aOCLCS$beng$cOCLCS$dOCLCS$dOCLCQ$dOCLCO$dOCLCQ$dUk
=042  \\$aissnuk$aukblsr
=060  \4$aW1$bJO5826
=082  04$a615.58$223
=130  0\$aJournal of chemotherapy (Florence, Italy : Online)
=210  0\$aJ. chemother.$b(Online)
=222  \0$aJournal of chemotherapy$b(Online)
=245  10$aJournal of chemotherapy$h[electronic resource].
=260  \\$aFirenze :$bEdizioni riviste scientifiche,$c[1989]-
=260  2\$aLeeds :$bManey Publishing
=264  31$a[Abingdon] :$bTaylor & Francis Group
=310  \\$aBimonthly
=336  \\$atext$2rdacontent
=337  \\$acomputer$2rdamedia
=338  \\$aonline resource$2rdacarrier
=362  1\$aPrint began with v. 1, no. 1 (Feb. 1989).
=550  \\$aOfficial journal of the Mediterranean Society of Therapy.
=550  \\$aPublished under the auspices of the Italian Society of Chemotherapy and the Italian Federation of Human & Animal Mycopathology.
=580  \\$aOriginal print version of this title was preceded by an earlier title called: Chemioterapia.
=588  \\$aDescription based on print version record.
=588  \\$aLatest issue consulted: volume 28, issue 1 (2016) (Taylor & Francis Online, viewed April 12, 2016).
=540  \\$aCurrent copyright fee: GBP46.00$c2\0$5Uk
=650  \0$aChemotherapy$vPeriodicals.
=650  \2$aDrug Therapy$vPeriodicals.
=710  2\$aMediterranean Society of Therapy.
=710  2\$aSocietà italiana di chemioterapia.
=710  2\$aFederazione italiana micopatologia umana e animale.
=776  08$iAlso issued in print as:$tJournal of chemotherapy$x1120-009X
=859  \\$aELD$bejournal
=856  \\$31850-9999$uhttp://www.tandfonline.com/$xBLDSS
=856  40$uhttp://rzblx1.uni-regensburg.de/ezeit/warpto.phtml?colors=7&jour%5Fid=57036
=856  40$uhttp://www.ingentaconnect.com/content/maney/joc
=856  40$uhttp://www.jchemother.it
=856  40$uhttp://www.jchemother.it/
=856  40$uhttp://www.maney.co.uk/index.php/journals/joc/
=856  40$uhttp://www.tandfonline.com/toc/yjoc20/current
=852  \\$aBritish Library$bDSC$j4957.390000$3Volume 28:Issue 1(2016)-Volume 29:Issue 6(2017)
=852  41$aBritish Library$bSTI$jELD Digital store$3Volume 25:Number 2(2013:Apr.)-***Previous issues available in print copy
=945  \\$aJournal of chemotherapy.
=959  \\$fHeld but not currently received
=979  \\$aBritish Library$bDSC$j4957.390000
=985  \\$aISSN responsibility transferred from ISSN Italy to ISSN UK, 30.04.12.
=CAT  \\$a10806$b40$c20120430$lBLL01$h1042
=CAT  \\$aBATCH-CLA$b00$c20151127$lBLL01$h1631
=CAT  \\$aWR15058$c20151230$lBLL01$h1441
=CAT  \\$a14448$b40$c20160205$lBLL01$h1132
=CAT  \\$a12654$b40$c20160229$lBLL01$h1444
=CAT  \\$a5552$b40$c20160307$lBLL01$h1027
=CAT  \\$aBLDSS-3PM$b00$c20160308$lBLL01$h0937
=CAT  \\$a11205$b40$c20160412$lBLL01$h1201
=CAT  \\$aBATCH-UPD$b40$c20160413$lBLL01$h1826
=CAT  \\$a11433$b40$c20160415$lBLL01$h1724
=CAT  \\$aBATCH-UPD$b40$c20160530$lBLL01$h0007
=CAT  \\$aBATCH-UPD$b40$c20161122$lBLL01$h1544
=CAT  \\$aIPL-CLA$c20161231$lBLL01$h0003
=CAT  \\$a5552$b40$c20170912$lBLL01$h1012
=CAT  \\$aW1711-1005$c20171206$lBLL01$h1824
=CAT  \\$a5552$b40$c20190115$lBLL01$h1145
=CAT  \\$aW1811-111$c20190203$lBLL01$h0956
=CAT  \\$aBATCH-UPD$b00$c20191122$lBLL01$h1919
=CAT  \\$aIPL-CLA$c20191231$lBLL01$h2031
=CAT  \\$aBATCH-UPD$b00$c20201118$lBLL01$h1353
=CAT  \\$aIPL-CLA$c20201231$lBLL01$h1532
=CAT  \\$aBATCH-UPD$b00$c20221121$lBLL01$h1428
=CAT  \\$aIPL-CLA$c20221231$lBLL01$h1451
=CAT  \\$a5410$b40$c20230408$lBLL01$h1710
=CAT  \\$aR2308-1440$c20230824$lBLL01$h0930
=CAT  \\$aIPL-CLA$c20230930$lBLL01$h0810
=CFI  0\$aCurrent copyright fee: GBP46.00$c2\0$e01-oct-2023$fGBP46.00$g0$hP$5Uk
=CFI  2\$aPrevious copyright fee: GBP46.00$c47\0$e01-jan-2023$fGBP46.00$g0$hP$5Uk
=FFP  \\$aY$bBLDSS-3PM
=FIN  \\$aY$d20120430
=LKR  \\$aPAR$b010488512$lBLL01$r776$mJournal of chemotherapy (Online)$nJournal of chemotherapy (Print)
=MNI  \\$a1120-009X
=SID  \\$aZ39$bOCLC
=TOC  \\$aETOC
=ACF  \\$aPrevious copyright fee: GBP36.00$c47\0$e01-jan-2017$fGBP36.00$g0$hP$5Uk
=ACF  \\$aPrevious copyright fee: GBP34.00$c47\0$e29-feb-2016$fGBP34.00$g0$hP$5Uk
=ACF  \\$aPrevious copyright fee: GBP40.00$c47\0$e15-jan-2019$fGBP40.00$g0$hP$5Uk
=ACF  \\$aPrevious copyright fee: GBP42.00$c47\0$e01-jan-2020$fGBP42.00$g0$hP$5Uk
=ACF  \\$aPrevious copyright fee: GBP44.00$c47\0$e01-jan-2021$fGBP44.00$g0$hP$5Uk
=LAS  \\$aIPL-CLA$b00$c20230930$lBLL01$h0810

