=LDR  04700cas a2201045 i 4500
=001  016093467
=003  Uk
=005  20230414161319.0
=006  m\\\\\\\\d\|\\\\\\
=007  cr\|||||||||||
=008  120528c19869999enkqx\p\o\\\\\0\\\a0eng\\
=FMT  \\$a  SE
=015  \\$aGBB348060$2bnb
=022  0\$a2050-4616
=037  \\$aISSN_0268117X_21$bPortico$nTaylor & Francis
=040  \\$aUk$beng$cUk$dUk$erda
=042  \\$aukblsr
=082  04$a909.605$223
=222  \4$aThe seventeenth century$b(Online)
=245  04$aThe seventeenth century.
=264  \1$aDurham :$bCentre for Seventeenth-Century Studies,$c1986-
=264  31$aAbingdon :$bRoutledge, Taylor & Francis
=310  \\$aFour issues yearly,$b2012-
=321  \\$aSemiannual,$b-2011
=336  \\$atext$2rdacontent
=337  \\$acomputer$2rdamedia
=338  \\$aonline resource$2rdacarrier
=362  1\$aPrint began with vol. 1, no. 1 (Jan. 1986).
=588  \\$aDescription based on print version record.
=588  \\$aLatest issue consulted: volume 30, issue 3 (2015) (Taylor & Francis Online, viewed December 15, 2015).
=540  \\$aCurrent copyright fee: GBP37.00$c2\0$5Uk
=650  \0$aSeventeenth century$vPeriodicals.
=650  \0$aHistory, Modern$y17th century$vPeriodicals.
=710  2\$aUniversity of Durham.$bCentre for Seventeenth-Century Studies.
=776  08$iAlso issued in print as:$tSeventeenth century$x0268-117X
=859  \\$aELD$bejournal
=856  \\$31850-9999$uhttp://www.tandfonline.com/$xBLDSS
=856  4\$uhttp://www.ingentaconnect.com/content/manup/tsc
=856  40$uhttp://www.tandfonline.com/loi/rsev20
=852  41$aBritish Library$bHMNTS$jELD Digital store$3Volume 31:Issue 1(2016)-
=852  \\$aBritish Library$bDSC$j8253.947900$3Volume 28:Issue 1(2013)-Volume 32:Issue 4(2017)***See ESTAR for full holdings.
=945  \\$aSeventeenth century.
=959  \\$fHeld but not currently received
=979  \\$aBritish Library$bDSC$j8253.947900
=985  \\$aISSN responsibility transferred from ISSN UK Centre to U.S. ISSN Center Taylor & Francis, Multinational Publisher List, Summer 2016
=CAT  \\$a10806$b40$c20120528$lBLL01$h1544
=CAT  \\$aIPL-CLA$c20141231$lBLL01$h1703
=CAT  \\$aBATCH-UPD$b00$c20151115$lBLL01$h1640
=CAT  \\$aBATCH-UPD$b00$c20151119$lBLL01$h1546
=CAT  \\$a14448$b40$c20151214$lBLL01$h1607
=CAT  \\$a11316$b40$c20151215$lBLL01$h1222
=CAT  \\$aIPL-CLA$c20151231$lBLL01$h1934
=CAT  \\$a14448$b40$c20160130$lBLL01$h1118
=CAT  \\$aBATCH-UPD$b40$c20160620$lBLL01$h0225
=CAT  \\$aW1607-0553$c20160818$lBLL01$h0910
=CAT  \\$aW1607-0553$c20160818$lBLL01$h0915
=CAT  \\$aBATCH-UPD$b00$c20161122$lBLL01$h1515
=CAT  \\$aIPL-CLA$c20161231$lBLL01$h0003
=CAT  \\$aBATCH-UPD$b00$c20171121$lBLL01$h1650
=CAT  \\$aW1711-1005$c20171206$lBLL01$h1824
=CAT  \\$aIPL-CLA$c20171231$lBLL01$h1813
=CAT  \\$aBATCH-UPD$b00$c20181217$lBLL01$h1640
=CAT  \\$aIPL-CLA$c20181231$lBLL01$h1552
=CAT  \\$aW1811-111$c20190203$lBLL01$h0956
=CAT  \\$aBATCH-UPD$b00$c20191122$lBLL01$h1902
=CAT  \\$aIPL-CLA$c20191231$lBLL01$h2031
=CAT  \\$aBATCH-UPD$b00$c20201118$lBLL01$h1336
=CAT  \\$aIPL-CLA$c20201231$lBLL01$h1532
=CAT  \\$aBATCH-UPD$b00$c20221121$lBLL01$h1349
=CAT  \\$aIPL-CLA$c20221231$lBLL01$h1451
=CAT  \\$a5410$b40$c20230414$lBLL01$h1613
=CFI  0\$aCurrent copyright fee: GBP37.00$c2\0$e01-jan-2023$fGBP37.00$g0$hP$5Uk
=CFI  2\$aPrevious copyright fee: GBP35.00$c2\0$e01-jan-2021$fGBP35.00$g0$hP$5Uk
=FFP  \\$aY$bBLDSS-3PM
=FIN  \\$aY$d20120528
=LET  \4$aThe seventeenth century (Electronic)
=LKR  \\$aPAR$b009873909$lBLL01$nThe seventeenth century (Print)$mThe seventeenth century (Online)$r776
=MNI  \\$a0268-117X
=TCO  \\$aCLA$bCLA$c008
=TOC  \\$aETOC
=ACF  \\$aPrevious Copyright Fee: GBP27.50$c2\0$e08-apr-2013$fGBP27.50$g0$hP$5Uk
=ACF  \\$aPrevious copyright fee: GBP23.50$c2\0$e05-nov-2013$fGBP23.50$g0$hP$5Uk
=ACF  \\$aPrevious copyright fee: GBP24.00$c2\0$e01-jan-2014$fGBP24.00$g0$hP$5Uk
=ACF  \\$aPrevious copyright fee: GBP25.00$c2\0$e01-jan-2015$fGBP25.00$g0$hP$5Uk
=ACF  \\$aPrevious copyright fee: GBP26.00$c2\0$e01-jan-2016$fGBP26.00$g0$hP$5Uk
=ACF  \\$aPrevious copyright fee: GBP28.00$c2\0$e01-jan-2017$fGBP28.00$g0$hP$5Uk
=ACF  \\$aPrevious copyright fee: GBP30.00$c2\0$e01-jan-2018$fGBP30.00$g0$hP$5Uk
=ACF  \\$aPrevious copyright fee: GBP32.00$c2\0$e01-jan-2019$fGBP32.00$g0$hP$5Uk
=ACF  \\$aPrevious copyright fee: GBP34.00$c2\0$e01-jan-2020$fGBP34.00$g0$hP$5Uk
=LAS  \\$a5410$b40$c20230414$lBLL01$h1613

