=LDR  05173cas a2201129 i 4500
=001  016129125
=003  Uk
=005  20220930142838.0
=006  m\\\\\\\\d\|\\\\\\
=007  cr||||||||||||
=008  120720c19329999enkqr\p\o\\\\\0\\\a0eng\\
=FMT  \\$a  SE
=015  \\$aGBB348109$2bnb
=022  0\$a2050-8549$202
=037  2\$aISSN_00243639_21$bPortico$nTaylor & Francis
=037  \\$aISSN_00243639$bPortico$nManey Publishing
=037  3\$alqr$bSage (UK) Ltd
=040  \\$aUk$beng$cUk$erda
=042  \\$aissnuk$aukblsr
=082  04$a174.2$223
=222  \0$aLinacre quarterly$b(Online)
=245  00$aLinacre quarterly.
=264  \1$a[Milwaukee] :$bLinacre Quarterly,$c[1932]-
=264  21$aBala Cynwyd, Pa. :$bCatholic Medical Association
=264  21$aLeeds :$bManey Publishing
=264  31$32018-$a[London?] :$bSAGE
=310  \\$aQuarterly
=336  \\$atext$2rdacontent
=337  \\$acomputer$2rdamedia
=338  \\$aonline resource$2rdacarrier
=362  1\$aPrint began in 1932.
=550  \\$aOfficial journal of the Federation of Catholic Physicians' Guilds, Dec. 1932-Nov. 1959; of the National Federation of Catholic Physicians' Guilds, Feb. 1960- ; of the Catholic Medical Association, <Feb. 2003->.
=588  \\$aDescription based on print version record.
=588  \\$aLatest issue consulted: volume 85, issue 1 (February 2018) (SAGE journals, viewed March 28, 2018).
=540  \\$aCurrent copyright fee: GBP36.32$c103\0$5Uk
=650  \0$aMedical ethics$vPeriodicals.
=650  \0$aMedicine$xSocieties, etc.$vPeriodicals.
=710  2\$aFederation of Catholic Physicians' Guilds.
=710  2\$aNational Federation of Catholic Physicians' Guilds.
=710  2\$aCatholic Medical Association,$eissuing body.
=776  08$iAlso issued in print as:$tLinacre quarterly$x0024-3639
=859  \\$aELD$bejournal
=856  \\$31850-9999$uhttp://maneypublishing.com/$xBLDSS
=856  40$uhttp://www.tandfonline.com/loi/ylnq20
=856  40$uhttp://journals.sagepub.com/home/lqr
=852  41$aBritish Library$bHMNTS$jELD Digital store$3Volume 80:Number 2(2013:May)-
=852  \\$aBritish Library$bDSC$j5220.170000$3Volume 83:Issue 1(2016)-Volume 84:Issue 4(2017)***See ESTAR for full holdings.
=945  \\$aLinacre quarterly.
=959  \\$fHeld but not currently received
=CAT  \\$a11315$b40$c20120720$lBLL01$h1501
=CAT  \\$aBATCH-UPD$b40$c20180219$lBLL01$h1758
=CAT  \\$aBATCH-UPD$b40$c20180223$lBLL01$h1538
=CAT  \\$a10983$b40$c20180326$lBLL01$h1421
=CAT  \\$a10806$b40$c20180328$lBLL01$h1601
=CAT  \\$aIPL-CLA$c20180331$lBLL01$h1700
=CAT  \\$aBATCH-UPD$b00$c20180823$lBLL01$h1856
=CAT  \\$aIPL-CLA$c20180930$lBLL01$h1515
=CAT  \\$a8055$b40$c20181026$lBLL01$h1108
=CAT  \\$a8055$b40$c20181026$lBLL01$h1113
=CAT  \\$aBATCH-UPD$b40$c20190521$lBLL01$h1343
=CAT  \\$aIPL-CLA$c20190630$lBLL01$h1546
=CAT  \\$aBATCH-UPD$b00$c20190829$lBLL01$h1425
=CAT  \\$aIPL-CLA$c20190930$lBLL01$h1651
=CAT  \\$aBATCH-UPD$b00$c20200219$lBLL01$h1416
=CAT  \\$aIPL-CLA$c20200331$lBLL01$h1628
=CAT  \\$aBATCH-UPD$b00$c20200522$lBLL01$h1409
=CAT  \\$aIPL-CLA$c20200701$lBLL01$h0113
=CAT  \\$aBATCH-UPD$b00$c20210226$lBLL01$h0949
=CAT  \\$aIPL-CLA$c20210331$lBLL01$h1702
=CAT  \\$aBATCH-UPD$b00$c20210707$lBLL01$h1513
=CAT  \\$aIPL-CLA$c20210707$lBLL01$h1844
=CAT  \\$aBATCH-UPD$b00$c20220520$lBLL01$h1540
=CAT  \\$aIPL-CLA$c20220630$lBLL01$h1539
=CAT  \\$aBATCH-UPD$b00$c20220824$lBLL01$h0816
=CAT  \\$aIPL-CLA$c20220930$lBLL01$h1428
=CFI  0\$aCurrent copyright fee: GBP36.32$c103\0$e01-oct-2022$fGBP36.32$g0$hP$5Uk
=CFI  2\$aPrevious copyright fee: GBP34.86$c103\0$e01-jul-2022$fGBP34.86$g0$hP$5Uk
=FFP  \\$aY$bBLDSS-3PM
=FIN  \\$aY$d20130516
=LET  \0$aLinacre quarterly (Electronic)
=LKR  \\$aPAR$b011124456$lBLL01$nThe Linacre quarterly (Print)$mThe Linacre quarterly (Online)$r776
=MNI  \\$a0024-3639
=TOC  \\$aETOC
=UNO  \\$aY
=ACF  \\$aPrevious copyright fee: GBP30.00$c47\0$e08-jan-2013$fGBP30.00$g0$hP$5Uk
=ACF  \\$aPrevious copyright fee: GBP36.00$c47\0$e01-jan-2017$fGBP36.00$g0$hP$5Uk
=ACF  \\$aPrevious copyright fee: GBP34.00$c47\0$e01-jan-2016$fGBP34.00$g0$hP$5Uk
=ACF  \\$aPrevious copyright fee: GBP30.77$c103\0$e14-feb-2018$fGBP30.77$g0$hP$5Uk
=ACF  \\$aPrevious copyright fee: GBP28.57$c103\0$e01-apr-2018$fGBP28.57$g0$hP$5Uk
=ACF  \\$aPrevious copyright fee: GBP30.77$c103\0$e01-oct-2018$fGBP30.77$g0$hP$5Uk
=ACF  \\$aPrevious copyright fee: GBP32.31$c103\0$e01-jul-2019$fGBP32.31$g0$hP$5Uk
=ACF  \\$aPrevious copyright fee: GBP33.60$c103\0$e01-oct-2019$fGBP33.60$g0$hP$5Uk
=ACF  \\$aPrevious copyright fee: GBP33.52$c103\0$e01-apr-2020$fGBP33.52$g0$hP$5Uk
=ACF  \\$aPrevious copyright fee: GBP34.86$c103\0$e01-jul-2020$fGBP34.86$g0$hP$5Uk
=ACF  \\$aPrevious copyright fee: GBP32.28$c103\0$e01-apr-2021$fGBP32.28$g0$hP$5Uk
=ACF  \\$aPrevious copyright fee: GBP31.13$c103\0$e07-jul-2021$fGBP31.13$g0$hP$5Uk
=LAS  \\$aIPL-CLA$b00$c20220930$lBLL01$h1428

