=LDR  04900cas a2201105 a 4500
=001  014236553
=003  Uk
=005  20221231144854.0
=006  m\\\\\\\\d\|\\\\\\
=007  cr||||||||||||
=008  071031c20079999enkfr\p\s\\\\\0\\\a0eng\\
=FMT  \\$a  SE
=015  \\$aGBB0A8912$2bnb
=022  0\$a1756-2201$y1751-2549
=037  \\$aISSN_17512549$bPortico$nTaylor & Francis
=040  \\$aUk$beng$cUk$dUk$dUk
=042  \\$aukblsr
=082  04$a696$223
=130  0\$aAdvances in building energy research (Online)
=210  0\$aAdv. build. energy res.$b(Online)
=222  \0$aAdvances in building energy research$b(Online)
=245  10$aAdvances in building energy research$h[electronic resource].
=246  13$aABER
=260  \\$aLondon :$bEarthscan,$c2007-
=260  3\$32012-$aAbingdon :$bTaylor & Francis
=310  \\$aSemiannual,$b2012-
=321  \\$aAnnual,$b2007-2011
=336  \\$atext$2rdacontent
=337  \\$acomputer$2rdamedia
=338  \\$aonline resource$2rdacarrier
=362  0\$aVol. 1 (2007)-
=538  \\$aMode of access: World Wide Web.
=538  \\$aSystem requirements: Adobe Acrobat Reader.
=500  \\$aTitle from issue contents page (IngentaConnect, viewed Sep. 8, 2010).
=500  \\$aLatest issue consulted: Vol. 6, issue 1 (2012).
=530  \\$aAlso issued in print.
=540  \\$aCurrent copyright fee: GBP43.00$c2\0$5Uk
=650  \0$aSustainable buildings$xDesign and construction$vPeriodicals.
=650  \0$aArchitecture and energy conservation$vPeriodicals.
=650  \0$aBuildings$xEnergy conservation$vPeriodicals.
=776  0\$tAdvances in building energy research$x1751-2549
=856  \\$31850-9999$uhttp://www.tandfonline.com/$xBLDSS
=856  40$uhttp://www.earthscan.co.uk/JournalsHome/ABER/tabid/1503/Default.aspx
=856  40$uhttp://www.ingentaconnect.com/content/earthscan/aber
=856  40$uhttp://www.tandfonline.com/loi/taer20
=859  \\$aELD$bejournal
=852  41$aBritish Library$bHMNTS$jELD Digital store$3Volume 10:Issue 1(2016)-
=852  \\$aBritish Library$bDSC$j0700.710000$3Volume 7:Issue 1(2013)-Volume 8:Issue 2(2014)
=959  \\$fHeld but not currently received
=985  \\$aISSN responsibility transferred from UK ISSN Centre to U.S. ISSN Center, 29/06/12
=CAT  \\$a11313$b40$c20071031$lBLL01$h1044
=CAT  \\$aBLDSS-3PM$b00$c20141130$lBLL01$h1249
=CAT  \\$aCDS15-UPD$b40$c20141130$lBLL01$h1853
=CAT  \\$a8874$b40$c20141201$lBLL01$h1026
=CAT  \\$aIPL-CLA$c20141231$lBLL01$h1657
=CAT  \\$aBATCH-UPD$b00$c20151119$lBLL01$h1535
=CAT  \\$a10806$b40$c20151127$lBLL01$h1155
=CAT  \\$a10983$b40$c20151217$lBLL01$h0828
=CAT  \\$aIPL-CLA$c20151231$lBLL01$h1927
=CAT  \\$a8037$b40$c20160120$lBLL01$h1426
=CAT  \\$a5552$b40$c20160229$lBLL01$h1354
=CAT  \\$aIPL-CLA$c20160331$lBLL01$h1745
=CAT  \\$aBATCH-UPD$b00$c20160805$lBLL01$h0002
=CAT  \\$aBATCH-UPD$b00$c20161122$lBLL01$h1505
=CAT  \\$aIPL-CLA$c20161230$lBLL01$h2245
=CAT  \\$aBATCH-UPD$b00$c20171121$lBLL01$h1655
=CAT  \\$aW1711-1005$c20171206$lBLL01$h1820
=CAT  \\$aIPL-CLA$c20171231$lBLL01$h1722
=CAT  \\$aBATCH-UPD$b00$c20181217$lBLL01$h1645
=CAT  \\$aIPL-CLA$c20181231$lBLL01$h1546
=CAT  \\$aBATCH-UPD$b00$c20191122$lBLL01$h1907
=CAT  \\$aIPL-CLA$c20191231$lBLL01$h1956
=CAT  \\$aBATCH-UPD$b00$c20201118$lBLL01$h1341
=CAT  \\$aIPL-CLA$c20201231$lBLL01$h1530
=CAT  \\$aBATCH-UPD$b00$c20221121$lBLL01$h1340
=CAT  \\$aIPL-CLA$c20221231$lBLL01$h1448
=CFI  0\$aCurrent copyright fee: GBP43.00$c2\0$e01-jan-2023$fGBP43.00$g0$hP$5Uk
=CFI  2\$aPrevious copyright fee: GBP41.00$c2\0$e01-jan-2021$fGBP41.00$g0$hP$5Uk
=FFP  \\$aY$bBLDSS-3PM
=FIN  \\$aY$d20071031
=LET  \0$aAdvances in building energy research (Electronic)
=LKR  \\$aPAR$b013456817$lBLL01$r7760$mAdvances in building energy research (Online)$nAdvances in building energy research (Print)
=MNI  \\$a1751-2549
=TCO  \\$aCLA$bCLA$c008
=TOC  \\$aETOC
=ACF  \\$aPrevious copyright fee: GBP27.50$c2\0$e01-jan-2013$fGBP27.50$g0$hP$5Uk
=ACF  \\$aPrevious copyright fee: GBP28.00$c2\0$e01-jan-2014$fGBP28.00$g0$hP$5Uk
=ACF  \\$aPrevious copyright fee: GBP30.00$c2\0$e01-jan-2015$fGBP30.00$g0$hP$5Uk
=ACF  \\$aPrevious copyright fee: GBP34.00$c2\0$e01-jan-2016$fGBP34.00$g0$hP$5Uk
=ACF  \\$aPrevious copyright fee: GBP31.00$c2\0$e01-apr-2016$fGBP31.00$g0$hP$5Uk
=ACF  \\$aPrevious copyright fee: GBP33.00$c2\0$e01-jan-2017$fGBP33.00$g0$hP$5Uk
=ACF  \\$aPrevious copyright fee: GBP35.00$c2\0$e01-jan-2018$fGBP35.00$g0$hP$5Uk
=ACF  \\$aPrevious copyright fee: GBP37.00$c2\0$e01-jan-2019$fGBP37.00$g0$hP$5Uk
=ACF  \\$aPrevious copyright fee: GBP39.00$c2\0$e01-jan-2020$fGBP39.00$g0$hP$5Uk
=LAS  \\$aIPL-CLA$b00$c20221231$lBLL01$h1448

