=LDR  04486cas a2201021 a 4500
=001  014511974
=003  Uk
=005  20211231154419.0
=006  m\\\\\\\\d\|\\\\\\
=007  cr||||||||||||
=008  080204c20099999enkbr\p\s\\\\\0\\\a0eng\\
=FMT  \\$a  SE
=015  \\$aGBA993267$2bnb
=022  0\$a1756-9338
=037  \\$aISSN_1756932X$bPortico$nWiley
=040  \\$aUk$beng$cUk
=042  \\$aukblsr
=082  04$a333.7$222
=130  0\$aEnvironmental policy and governance (Online)
=210  0\$aEnviron. policy gov.$b(Online)
=222  \0$aEnvironmental policy and governance$b(Online)
=245  10$aEnvironmental policy and governance$h[electronic resource].
=260  \\$a[S.l.] :$bJohn Wiley & Sons, Ltd. :$bERP Environment,$c2009-
=310  \\$aBi-monthly
=336  \\$atext$2rdacontent
=337  \\$acomputer$2rdamedia
=338  \\$aonline resource$2rdacarrier
=362  0\$aVol. 19, no. 1 (Jan./Feb. 2009)-
=530  \\$aAlso available in print.
=538  \\$aMode of access: World Wide Web.
=500  \\$aTitle from contents screen (Wiley InterScience, viewed Sept. 23, 2009).
=540  \\$aCurrent copyright fee: GBP39.00$c35\0$5Uk
=650  \0$aEnvironmental policy$zEurope$vPeriodicals.
=650  \0$aPollution$zEurope$vPeriodicals.
=710  2\$aEuropean Society for Ecological Economics.
=710  2\$aERP Environment (Firm)
=776  1\$tEnvironmental policy and governance$x1756-932X
=780  00$tEuropean environment (Online)$x1099-0976
=859  \\$aELD$bejournal
=856  \\$31850-9999$uhttp://onlinelibrary.wiley.com/$xBLDSS
=856  4\$uhttp://www3.interscience.wiley.com/journal/121640454/grouphome/home.html
=852  41$aBritish Library$bHMNTS$jELD Digital store$3Volume 23:Number 1(2013:Jan./Feb.)-***Previous issues available in print copy
=852  41$aBritish Library$bDSC$j3791.536950$3Volume 19:Issue 1(2009)-Volume 21:Issue 6(2011)***See ESTAR for full holdings.
=945  \\$aEnvironmental policy and governance
=959  \\$fHeld but not currently received
=985  \\$aISSN responsibility transferred to U.S. ISSN Center from ISSN UK Centre, Wiley, Multinational Publisher List, Summer 2017
=CAT  \\$a11316$b40$c20080204$lBLL01$h1118
=CAT  \\$a8124$b40$c20090226$lBLL01$h1228
=CAT  \\$a5997$b40$c20090923$lBLL01$h1307
=CAT  \\$a5997$b40$c20090923$lBLL01$h1309
=CAT  \\$a5997$b40$c20090923$lBLL01$h1325
=CAT  \\$aBATCH-UPD$b40$c20101116$lBLL01$h1335
=CAT  \\$aIPL-CLA$c20101231$lBLL01$h1524
=CAT  \\$aCDS12-UPD$b40$c20120402$lBLL01$h1434
=CAT  \\$aWR13.114$c20130717$lBLL01$h1314
=CAT  \\$aBATCH-PORT$c20130829$lBLL01$h1113
=CAT  \\$aWR14_009$c20140204$lBLL01$h2342
=CAT  \\$aWR14_140$c20140905$lBLL01$h1817
=CAT  \\$aBLDSS-3PM$b00$c20141214$lBLL01$h1525
=CAT  \\$aBATCH-UPD$b00$c20150215$lBLL01$h1701
=CAT  \\$aIPL-CLA$c20150228$lBLL01$h2053
=CAT  \\$aBATCH-UPD$b00$c20160606$lBLL01$h0410
=CAT  \\$a10806$b40$c20170908$lBLL01$h1425
=CAT  \\$aW1711-1005$c20171206$lBLL01$h1820
=CAT  \\$aBATCH-UPD$b00$c20180219$lBLL01$h1752
=CAT  \\$aBATCH-UPD$b00$c20181121$lBLL01$h1624
=CAT  \\$aIPL-CLA$c20181231$lBLL01$h1547
=CAT  \\$aR1911-0245$c20191127$lBLL01$h0823
=CAT  \\$aR1911-0245$c20191127$lBLL01$h1045
=CAT  \\$aIPL-CLA$c20191231$lBLL01$h2002
=CAT  \\$aW2111-0842$c20211208$lBLL01$h1942
=CAT  \\$aIPL-CLA$c20211231$lBLL01$h1544
=CFI  0\$aCurrent copyright fee: GBP39.00$c35\0$e01-jan-2022$fGBP39.00$g0$hP$5Uk
=CFI  2\$aPrevious Copyright Fee: GBP32.00$c35\0$e01-jan-2020$fGBP32.00$g0$hP$5Uk
=FFP  \\$aY$bBLDSS-3PM
=FIN  \\$aY$d20090226
=LET  \0$aEnvironmental policy and governance (Online)
=LKR  \\$aPAR$b014511975$lBLL01$nEnvironmental policy and governance (Print)$mEnvironmental policy and governance (Online)$rBLL01
=LKR  \\$aPAR$b013340517$lBLL01$nEuropean environment$mEnvironmental policy and governance$r78000
=MNI  \\$a1756-932X
=TCO  \\$aCLA$bCLA$c008
=TOC  \\$aETOC
=UNO  \\$aY
=ACF  \\$aPrevious copyright fee: GBP17.00$c35\0$e05-feb-2009$fGBP17.00$g0$hP$5Uk
=ACF  \\$aPrevious copyright fee: GBP22.00$c35\0$e01-jan-2011$fGBP22.00$g0$hP$5Uk
=ACF  \\$aPrevious copyright fee: GBP24.00$c35\0$e01-mar-2015$fGBP24.00$g0$hP$5Uk
=ACF  \\$aPrevious copyright fee: GBP28.00$c35\0$e01-jan-2019$fGBP28.00$g0$hP$5Uk
=LAS  \\$aIPL-CLA$b00$c20211231$lBLL01$h1544

