=LDR  04049cas a2200961 a 4500
=001  014689237
=003  Uk
=005  20131125111453.0
=006  m\\\\\\\\d\\\\\\\\
=007  cr\cnu||||||||
=008  051107c20059999enktr\pss\\\\\0\\\a0eng\c
=FMT  \\$a  SE
=010  \\$a2006249005
=015  \\$aGBB0A9867$2bnb
=022  0\$a1758-6569$202
=035  \\$a(OCoLC)62231024
=037  \\$aISSN_17439132$bPortico$nEmerald
=040  \\$aOUN$cOUN$dZYU$dOCLCS$dOCLCQ$dUk
=042  \\$aukblsr$aissnuk
=050  14$aHG4001$b.I68
=082  04$a658.15$222
=130  0\$aInternational journal of managerial finance (Online)
=222  \0$aInternational journal of managerial finance$b(Online)
=245  10$aInternational journal of managerial finance$h[electronic resource].
=246  30$aManagerial finance
=260  \\$aBradford, West Yorkshire [England] :$bEmerald,$c2005-
=260  3\$aBingley :$bEmerald
=310  \\$aThree issues yearly
=336  \\$atext$2rdacontent
=337  \\$acomputer$2rdamedia
=338  \\$aonline resource$2rdacarrier
=362  0\$aVol. 1, issue 1 (2005)-
=500  \\$aTitle from title screen (Emerald, viewed Nov. 7, 2005).
=500  \\$aLatest issue consulted: Vol. 6, issue 3 (2010) (Emerald, viewed Sept. 14, 2010).
=538  \\$aMode of access: World Wide Web.
=540  \\$aCurrent copyright fee: GBP30.00$c25\0$5Uk
=650  \0$aCorporations$xFinance$vPeriodicals.
=690  7\$aManagement and Business Studies$2blcoll
=776  0\$tInternational journal of managerial finance$x1743-9132
=859  \\$aELD$bejournal
=856  \\$31850-9999$uhttp://www.emeraldinsight.com/$xBLDSS
=856  40$uhttp://info.emeraldinsight.com/products/journals/journals.htm?id=ijmf
=856  40$uhttp://xtra.emeraldinsight.com/1743-9132.htm
=856  42$uhttp://www.emeraldinsight.com/Insight/viewContainer.do?containerType=Journal&containerId=12328
=852  41$aBritish Library$bHMNTS$jELD Digital store$3Volume 10:Issue 1(2014)-***Previous issues available in print copy
=852  41$aBritish Library$bDSC$j4542.327000$3Volume 6:Issue 1(2010)-Volume 7:Issue 4(2011)***See ESTAR for full holdings.
=945  \\$aInternational journal of managerial finance
=959  \\$fHeld but not currently received
=CAT  \\$a6537$b40$c20080808$lBLL01$h1410
=CAT  \\$a5410$b40$c20100720$lBLL01$h0944
=CAT  \\$a8464$b40$c20100727$lBLL01$h1412
=CAT  \\$a8483$b40$c20100914$lBLL01$h1306
=CAT  \\$aBATCH-MBS$c20100917$lBLL01$h2047
=CAT  \\$a12500$b40$c20110328$lBLL01$h0915
=CAT  \\$a12500$b40$c20110328$lBLL01$h0919
=CAT  \\$a12500$b40$c20110328$lBLL01$h0920
=CAT  \\$aCDS12-UPD$b40$c20111212$lBLL01$h1842
=CAT  \\$aWR13.050$c20130324$lBLL01$h1446
=CAT  \\$aBATCH-UPD$b00$c20130904$lBLL01$h1927
=CAT  \\$aIPL-CLA$c20130930$lBLL01$h1800
=CAT  \\$a8464$b40$c20131119$lBLL01$h1119
=CAT  \\$a11316$b40$c20131125$lBLL01$h1114
=CAT  \\$aBATCH-CLA$b00$c20140125$lBLL01$h1315
=CAT  \\$aWR14_009$c20140204$lBLL01$h2345
=CAT  \\$aBATCH-CLA$c20140225$lBLL01$h2334
=CAT  \\$aBLDSS-3PM$b00$c20141121$lBLL01$h1852
=CAT  \\$aBATCH-UPD$b00$c20151109$lBLL01$h1747
=CAT  \\$aIPL-CLA$c20151109$lBLL01$h1813
=CAT  \\$aBATCH-UPD$b00$c20160615$lBLL01$h1723
=CAT  \\$aW1711-1005$c20171206$lBLL01$h1821
=CFI  0\$aCurrent copyright fee: GBP30.00$c25\0$e09-nov-2015$fGBP30.00$g0$hP$5Uk
=CFI  2\$aPrevious copyright fee: GBP20.00$c25\0$e01-oct-2013$fGBP20.00$g0$hP$5Uk
=FFP  \\$aY$bBLDSS-3PM
=FIN  \\$aY$d20080808
=LET  \0$aInternational journal of managerial finance (Electronic)
=LKR  \\$aPAR$b012900444$lBLL01$r776$mInternational journal of managerial finance (Online)$nInternational journal of managerial finance
=MNI  \\$a1743-9132
=SID  \\$aZ39$bOCLC
=TCO  \\$aCLA$bCLA$c008
=TOC  \\$aETOC
=UNO  \\$aY
=ACF  \\$aPrevious copyright fee: GBP15.00$c25\0$e27-jul-2010$fGBP15.00$g0$hP$5Uk
=LAS  \\$aW1711-1005$b00$c20171206$lBLL01$h1821

