=LDR  04317cas a2201033 a 4500
=001  014914497
=003  Uk
=005  20171002125619.0
=006  m\\\\\\\\d\|\\\\\\
=007  cr||||||||||||
=008  090224c20099999enksr\p\o\\\\\0\\\a0eng\\
=FMT  \\$a  SE
=015  \\$aGBB087862$2bnb
=022  0\$a2040-3372$202
=037  \\$aISSN_20403364$bPortico$nRoyal Society of Chemistry
=040  \\$aUk$beng$cUk$dUk
=042  \\$aissnuk$aukblsr
=082  04$a620.505$223
=130  0\$aNanoscale (Online)
=210  0\$aNanoscale$b(Online)
=222  \0$aNanoscale$b(Online)
=245  10$aNanoscale$h[electronic resource].
=260  \\$a[Cambridge] :$bRSC Publishing,$c2009-
=310  \\$aSemimonthly
=321  \\$aMonthly
=336  \\$atext$2rdacontent
=337  \\$acomputer$2rdamedia
=338  \\$aonline resource$2rdacarrier
=362  0\$aVol. 1, no. 1 (Oct. 2009)-
=530  \\$aAlso issued in print.
=550  \\$a"Nanoscale is a collaborative venture between RSC Publishing and leading nanoscience research centre, the National Center for Nanoscience and Technology (NCNST) in Beijing, China."
=500  \\$aTitle from journal cover image (RSC, viewed July 21, 2010).
=500  \\$aLatest issue consulted: volume 6, number 19 (7 October 2014) (viewed September 25, 2014).
=540  \\$aCurrent copyright fee: GBP46.75$c6\1$5Uk
=650  \0$aNanoscience$vPeriodicals.
=650  \0$aNanotechnology$vPeriodicals.
=710  2\$aRoyal Society of Chemistry (Great Britain)
=710  2\$aGuo jia na mi ke xue zhong xin (China)
=776  1\$tNanoscale$x2040-3364
=859  \\$aELD$bejournal
=856  \\$31850-9999$uhttp://www.rsc.org/$xBLDSS
=856  40$uhttp://www.rsc.org/Publishing/Journals/NR/Index.asp
=852  41$aBritish Library$bSTI$jELD Digital store$3Volume 7:Issue 1(2015)-***Previous issues available in print copy
=852  41$aBritish Library$bDSC$j9830.266000$3Volume 1:Issue 1(2009)-***See ESTAR for full holdings.
=945  \\$aNanoscale -Cambridge-
=959  \\$fCurrently received
=985  \\$aRoute failed DSC EXTENDED searches to Records Team.
=CAT  \\$a10806$b40$c20090224$lBLL01$h1148
=CAT  \\$a5997$b40$c20100721$lBLL01$h1343
=CAT  \\$a5997$b40$c20100819$lBLL01$h0846
=CAT  \\$a11249$b40$c20100824$lBLL01$h1115
=CAT  \\$a11033$b40$c20101115$lBLL01$h1216
=CAT  \\$aWR10_164$c20101215$lBLL01$h1511
=CAT  \\$a5552$b40$c20110412$lBLL01$h1608
=CAT  \\$aIPL-CLA$c20110630$lBLL01$h1549
=CAT  \\$aBATCH-UPD$b00$c20111123$lBLL01$h1855
=CAT  \\$aIPL-CLA$c20111230$lBLL01$h2033
=CAT  \\$aBATCH-UPD$b00$c20121105$lBLL01$h1131
=CAT  \\$aBATCH-CLA$b00$c20121109$lBLL01$h1721
=CAT  \\$aBATCH-UPD$b00$c20121121$lBLL01$h1701
=CAT  \\$aIPL-CLA$c20121231$lBLL01$h1326
=CAT  \\$aIPL-CLA$c20130102$lBLL01$h1758
=CAT  \\$a11316$b40$c20140925$lBLL01$h1218
=CAT  \\$a10983$b40$c20141014$lBLL01$h1231
=CAT  \\$a10983$b40$c20141014$lBLL01$h1547
=CAT  \\$a11317$b40$c20141209$lBLL01$h1030
=CAT  \\$aBLDSS-3PM$b00$c20150111$lBLL01$h1523
=CAT  \\$a5552$b40$c20150702$lBLL01$h0915
=CAT  \\$aBATCH-UPD$b40$c20160517$lBLL01$h1145
=CAT  \\$aBATCH-UPD$b40$c20161122$lBLL01$h1547
=CAT  \\$aIPL-CLA$c20161230$lBLL01$h2317
=CAT  \\$a5410$b40$c20171002$lBLL01$h1256
=CAT  \\$aW1711-1005$c20171206$lBLL01$h1821
=CFI  0\$aCurrent copyright fee: GBP46.75$c6\1$e01-jan-2017$fGBP46.75$g0$hP$5Uk
=CFI  2\$aPrevious copyright fee: GBP41.80$c6\1$e02-jul-2015$fGBP41.80$g0$hP$5Uk
=FFP  \\$aY$bBLDSS-3PM
=FIN  \\$aY$d20090925
=LET  \0$aNanoscale (Electronic)
=LKR  \\$aPAR$b014914488$lBLL01$nNanoscale (Print)$mNanoscale (Online)$r776
=MNI  \\$a2040-3364
=TCO  \\$aCLA$bCLA$c008
=TOC  \\$aETOC
=UNO  \\$aY
=ACF  \\$aPrevious copyright fee: GBP31.50$c6\1$e01-apr-2010$fGBP31.50$g0$hP$5Uk
=ACF  \\$aPrevious copyright fee: GBP28.35$c6\1$e27-nov-2009$fGBP28.35$g0$hP$5Uk
=ACF  \\$aPrevious copyright fee: GBP33.60$c6\1$e01-jul-2011$fGBP33.60$g0$hP$5Uk
=ACF  \\$aPrevious copyright fee: GBP37.80$c6\1$e01-jan-2013$fGBP37.80$g0$hP$5Uk
=ACF  \\$aPrevious copyright fee: GBP35.70$c6\1$e01-jan-2012$fGBP35.70$g0$hP$5Uk
=LAS  \\$aW1711-1005$b00$c20171206$lBLL01$h1821

