=LDR  03222cas a2200793 i 4500
=001  020760649
=003  Uk
=005  20230831102611.0
=006  m\\\\\o\\d\\\\\\\\
=007  cr\|||||||||||
=008  211221c20229999paumr\p\o\\\\\0\\\a0eng\\
=FMT  \\$a  SE
=010  \\$a  2021202736
=022  0\$a2771-1897$21
=035  \\$a(OCoLC)1289623477
=037  \\$aISSN_27711897_74$bPortico$nLippincott Williams & Wilkins
=040  \\$aDLC$beng$cDLC$dDLC$erda$epn
=042  \\$aukblsr
=082  00$a616.6$223
=130  0\$aUrogynecology (Philadelphia, Pa.)
=222  \0$aUrogynecology
=245  10$aUrogynecology :$bofficial journal of the American Urogynecologic Society.
=264  \1$aPhiladelphia, PA :$bLippincott Williams & Wilkins,$c[2022-]
=310  \\$aMonthly
=336  \\$atext$2rdacontent
=337  \\$acomputer$2rdamedia
=338  \\$aonline resource$2rdacarrier
=362  0\$aVol. 28, issue 7 (July 2022)-
=500  \\$aTitle from journal homepage (journals.lww.com, viewed February 22, 2023).
=500  \\$a"Official journal of the American Urogynecologic Society."
=540  \\$aCurrent copyright fee: GBP32.00$c20\0$5Uk
=588  \\$aLatest issue consulted: Vol. 29, issue 3 (March 2023) (viewed February 22, 2023).
=650  \7$aPelvis$xDiseases.$2fast$0(OCoLC)fst01056742
=650  \7$aPelvis$xSurgery.$2fast$0(OCoLC)fst01056751
=650  \7$aUrogynecology.$2fast$0(OCoLC)fst01163022
=650  \7$aUrogynecologic surgery.$2fast$0(OCoLC)fst01163021
=780  00$tFemale pelvic medicine & reconstructive surgery$x2154-4212
=710  2\$aAmerican Urogynecologic Society,$eissuing body.
=859  \\$aELD$bejournal
=856  \\$31850-9999$uhttp://journals.lww.com/pages/default.aspx$xBLDSS
=856  40$uhttps://journals.lww.com/fpmrs/pages/default.aspx
=852  41$aBritish Library$bHMNTS$jELD Digital store$3Volume 28:Issue 10(2022)-
=852  41$aBritish Library$bDSC$j9124.397100$3Volume 29:Issue 1(2023)-
=945  \\$aUrogynecology
=959  \\$fCurrently received
=CAT  \\$a15190$b40$c20220928$lBLL01$h1622
=CAT  \\$a15190$b40$c20220928$lBLL01$h1624
=CAT  \\$a15190$b40$c20220929$lBLL01$h0956
=CAT  \\$a8483$b40$c20230222$lBLL01$h1228
=CAT  \\$a8483$b40$c20230224$lBLL01$h1118
=CAT  \\$a8055$b40$c20230801$lBLL01$h1409
=CAT  \\$a8055$b40$c20230801$lBLL01$h1410
=CAT  \\$a8055$b40$c20230816$lBLL01$h1031
=CAT  \\$a8055$b40$c20230816$lBLL01$h1049
=CAT  \\$aBLDSS-3PM$b00$c20230821$lBLL01$h1521
=CAT  \\$aBATCH-UPD$b00$c20230821$lBLL01$h1524
=CAT  \\$aBATCH-UNOA$c20230823$lBLL01$h0109
=CAT  \\$a6558$b40$c20230823$lBLL01$h1307
=CAT  \\$a5410$b40$c20230831$lBLL01$h1025
=CAT  \\$a5410$b40$c20230831$lBLL01$h1026
=CFI  0\$aCurrent copyright fee: GBP32.00$c20\0$e16-aug-2023$fGBP32.00$g0$hP$5Uk
=FFP  \\$aY$bBLDSS-3PM
=FIN  \\$aY$d20230222
=LET  \0$aUrogynecology : official journal of the American Urogynecologic Society (Electronic)
=LKR  \\$aPAR$b016436997$lBLL01$r78000$mUrogynecology$nFemale pelvic medicine & reconstructive surgery (Online)
=SID  \\$aZ39$bOCLC
=TOC  \\$aETOC
=UNO  \\$aY
=LAS  \\$a5410$b40$c20230831$lBLL01$h1026

