=LDR  02896cas a2200721 i 4500
=001  020760996
=003  Uk
=005  20230405090616.0
=006  m\\\\\|\\d\|\\\\\\
=007  cr\|||||||||||
=008  220929c20229999enkbx\p\o\\\\\0\\\a0eng\\
=FMT  \\$a  SE
=015  \\$aGBC2I3382$2bnb
=022  \\$a2769-707X
=037  \\$aISSN_27697061_21$bPortico$nTaylor & Francis
=040  \\$aUk$beng$cUk$erda
=042  \\$aukblsr
=082  04$a613.205$223
=222  \0$aJournal of the American Nutrition Association$b(Online)
=245  00$aJournal of the American Nutrition Association.
=246  30$aJANA
=264  \1$aLondon :$bTaylor & Francis Group,$c2022-
=310  \\$aEight times a year
=336  \\$atext$2rdacontent
=337  \\$acomputer$2rdamedia
=338  \\$aonline resource$2rdacarrier
=362  0\$aVolume 41, issue 1 (2022)-
=500  \\$aTitle from table of contents page (Taylor & Francis Online, viewed October 18, 2022).
=540  \\$aCurrent copyright fee: GBP46.00$c2\0$5Uk
=650  \0$aNutrition$vPeriodicals.
=650  \0$aNutrition disorders$vPeriodicals.
=710  2\$aAmerican Nutrition Association,$eissuing body.
=776  08$iAlso issued in print as:$tJournal of the American Nutrition Association$x2769-7061
=780  00$tJournal of the American College of Nutrition$x1541-1087
=859  \\$aELD$bejournal
=856  \\$31850-9999$uhttp://www.tandfonline.com/$xBLDSS
=856  40$uhttps://www.tandfonline.com/loi/uacn21
=852  \\$aBritish Library$bDSC$j4689.270000
=852  41$aBritish Library$bHMNTS$jELD Digital store$3Volume 41:Issue 1(2022)-
=945  \\$aJournal- American Nutrition Association
=959  \\$fCurrently received
=979  \\$aBritish Library$bDSC$j4689.270000
=CAT  \\$a11450$b40$c20220929$lBLL01$h0937
=CAT  \\$a11450$b40$c20220929$lBLL01$h1205
=CAT  \\$a10983$b40$c20221014$lBLL01$h1038
=CAT  \\$a8055$b40$c20221014$lBLL01$h1522
=CAT  \\$a8055$b40$c20221014$lBLL01$h1525
=CAT  \\$a11205$b40$c20221018$lBLL01$h1517
=CAT  \\$aBLDSS-3PM$b00$c20221024$lBLL01$h0927
=CAT  \\$aBATCH-UPD$b00$c20221024$lBLL01$h0928
=CAT  \\$aBATCH-UPD$b00$c20221121$lBLL01$h1336
=CAT  \\$aIPL-CLA$c20221231$lBLL01$h1455
=CAT  \\$a12654$b40$c20230221$lBLL01$h0825
=CAT  \\$a12654$b40$c20230221$lBLL01$h0826
=CAT  \\$a12654$b40$c20230405$lBLL01$h0906
=CFI  0\$aCurrent copyright fee: GBP46.00$c2\0$e01-jan-2023$fGBP46.00$g0$hP$5Uk
=CFI  2\$aPrevious copyright fee: GBP44.00$c2\0$e14-oct-2022$fGBP44.00$g0$hP$5Uk
=FFP  \\$aY$bBLDSS-3PM
=FIN  \\$aY$d20221018
=LET  \0$aJournal of the American Nutrition Association (Electronic)
=LKR  \\$aPAR$b016322266$lBLL01$nJournal of the American College of Nutrition$mJournal of the American Nutrition Association$r78000
=MNI  \\$a2769-7061
=LAS  \\$a12654$b40$c20230405$lBLL01$h0906

