=LDR  04706cas a2201021 i 4500
=001  017374387
=003  Uk
=005  20210421105807.0
=006  m\\\\\o\\m\\\\\\\\
=007  cr\mnu||||||||
=008  981222c19959999mdumr\pso\\\\\0\\\a0eng\c
=FMT  \\$a  SE
=010  \\$a  2001214922
=015  \\$aGBB582628$2bnb
=022  0\$a1536-5948$l1076-2752$21
=030  \\$aJOEMFM
=035  \\$a(OCoLC)40536534$z(OCoLC)858837157
=037  \\$aISSN_10762752$bPortico$nLippincott Williams & Wilkins
=040  \\$aTMC$beng$cTMC$dNSD$dOCLCQ$dCGU$dMXC$dNSD$dOCLCQ$dEEM$dOCLCQ$dTEF$dMYG$dOCLCQ$dOCLCO$dOCLCQ$dDLC$dOCLCF$dOCLCO$dVT2$dUk
=042  \\$apcc$ansdp$aukblsr
=050  14$aRC963.A1
=050  10$aISSN RECORD
=082  10$a616.9803$223
=130  0\$aJournal of occupational and environmental medicine (Online)
=210  0\$aJ. occup. environ. med.$b(Online)
=222  \0$aJournal of occupational and environmental medicine$b(Online)
=245  10$aJournal of occupational and environmental medicine$h[electronic resource].
=246  17$aJOEM
=260  \\$aBaltimore, MD :$bWilliams & Wilkins
=264  31$a[Hagerstown, Md.] :$bLippincott Williams & Wilkins
=336  \\$atext$2rdacontent
=337  \\$acomputer$2rdamedia
=338  \\$aonline resource$2rdacarrier
=362  1\$aFull text as of Dec. 19, 1998: Vol. 37, no. 1 (Jan. 1995)-
=500  \\$aTitle from journal information screen as viewed Dec. 19, 1998.
=530  \\$aAlso issued in print.
=538  \\$aMode of access: World Wide Web.
=588  \\$aLatest issue consulted: volume 57, issue 6 (June 2015) viewed on publisher's website, June 30 2015.
=540  \\$aCurrent copyright fee: GBP32.00$c20\0$5Uk
=650  \0$aMedicine, Industrial$vPeriodicals.
=650  \0$aEnvironmental health$vPeriodicals.
=650  \2$aOccupational Medicine$vPeriodicals.
=650  \2$aEnvironmental Medicine$vPeriodicals.
=650  \7$aEnvironmental health.$2fast$0(OCoLC)fst00912999
=650  \7$aMedicine, Industrial.$2fast$0(OCoLC)fst01015256
=655  \7$aPeriodicals.$2fast$0(OCoLC)fst01411641
=655  \0$aElectronic journals.
=710  2\$aAmerican College of Occupational and Environmental Medicine.
=776  08$iAlso issued in print as:$tJournal of occupational and environmental medicine$x1076-2752
=780  00$tJournal of occupational medicine$x2332-3795
=859  \\$aELD$bejournal
=856  \\$31850-9999$uhttp://journals.lww.com/pages/default.aspx$xBLDSS
=856  40$3MD Consult$uhttp://www.mdconsult.com/public/search?search_type=journal&j_sort=pub_date&j_issn=1076-2752
=856  40$uhttp://ovidsp.ovid.com/ovidweb.cgi?T=JS&NEWS=n&CSC=Y&PAGE=toc&D=yrovft&AN=00043764-000000000-00000
=856  40$uhttp://www.joem.org
=856  40$uhttp://www.mdconsult.com/about/journallist/192030946-16/about0b7h.html
=856  40$3Full text: Vol. 37, no. 1 (Jan. 1995)-$uhttp://home.mdconsult.com/groups/hamtmc3345.html$zTMC. Access: MD Consult. Requires initial free registration for TMC users.
=852  41$aBritish Library$bSTI$jELD Digital store$3Volume 57:Issue 1(2015)-***Previous issues available in print copy
=852  \\$aBritish Library$bDSC$j5026.081000$3Volume 63:Issue 1(2021)-
=945  \\$aJournal of occupational and environmental medicine.
=959  \\$fCurrently received
=CAT  \\$a10876$b40$c20150528$lBLL01$h0810
=CAT  \\$aBATCH-CLA$b00$c20150529$lBLL01$h1529
=CAT  \\$a11315$b40$c20150630$lBLL01$h1407
=CAT  \\$a11315$b40$c20150630$lBLL01$h1408
=CAT  \\$aIPL-CLA$c20150630$lBLL01$h1725
=CAT  \\$a5552$b40$c20160119$lBLL01$h0935
=CAT  \\$aBLDSS-3PM$b00$c20160201$lBLL01$h1812
=CAT  \\$aBATCH-UPD$b00$c20160217$lBLL01$h1713
=CAT  \\$aIPL-CLA$c20160331$lBLL01$h1819
=CAT  \\$aBATCH-UPD$b00$c20160413$lBLL01$h1829
=CAT  \\$aBATCH-UPD$b00$c20160524$lBLL01$h2200
=CAT  \\$aBATCH-UPD$b00$c20160524$lBLL01$h2307
=CAT  \\$a5552$b40$c20170407$lBLL01$h1544
=CAT  \\$a10806$b40$c20170929$lBLL01$h1427
=CAT  \\$aW1711-1005$c20171206$lBLL01$h1828
=CAT  \\$a12654$b40$c20210421$lBLL01$h1058
=CFI  0\$aCurrent copyright fee: GBP32.00$c20\0$e01-apr-2016$fGBP32.00$g0$hP$5Uk
=CFI  2\$aPrevious copyright fee: GBP30.32$c20\0$e19-jan-2016$fGBP30.32$g0$hP$5Uk
=FFP  \\$aY$bBLDSS-3PM
=FIN  \\$aY$d20150630
=LET  \0$aJournal of occupational and environmental medicine (Electronic)
=LKR  \\$aPAR$b008208661$lBLL01$r776$mJournal of occupational and environmental medicine (Online)$nJournal of occupational and environmental medicine
=MNI  \\$a1076-2752
=SID  \\$aZ39$bOCLC
=TOC  \\$aETOC
=UNO  \\$aY
=LAS  \\$a12654$b40$c20210421$lBLL01$h1058

