=LDR  05222cas a2201057 a 4500
=001  017671109
=003  Uk
=005  20221231145355.0
=006  m\\\\fo\\d\\\\\\\\
=007  cr|bn||||||abp
=008  100414c19949999enkfr\p\o\\\\\0\\\a0eng\c
=FMT  \\$a  SE
=010  \\$a  2011263166$z  2010202587
=015  \\$aGBB605331$2bnb
=022  0\$a2162-7177$y1321-6597$l1321-6597$z2158-3471$21
=035  \\$a(OCoLC)607371122
=037  \\$aISSN_13216597$bPortico$nTaylor & Francis
=040  \\$aOCoLC$beng$cOCoLC$dOCoLC$dTxCM$dDLC$dOCoLC$dUk
=042  \\$aukblsr
=050  14$aP96.I5$bJ68
=082  04$a303.48205$223
=130  0\$aJournal of international communication (Online)
=222  \0$aJournal of international communication$b(Online)
=245  14$aThe Journal of international communication$h[electronic resource].
=246  1\$aJIC
=260  \\$aSydney, Australia :$bInternational Communication Program, Mass Communications Dept., Macquarie University
=260  2\$3<2011->$aAbingdon, Oxfordshire, UK :$bTaylor & Francis
=264  31$a[Abingdon] :$bRoutledge
=310  \\$aSemiannual
=336  \\$atext$2rdacontent
=337  \\$acomputer$2rdamedia
=338  \\$aonline resource$2rdacarrier
=362  1\$aPrint began with: Vol. 1, no. 1 (June 1994).
=500  \\$aSome issues have also a distinctive title.
=515  \\$aNone published 2000.
=550  \\$aOfficial journal of the: International Communications Section of the International Association for Media & Communication Research, Dec. 1995-
=550  \\$aIssued by: International Communication Program, Macquarie University, 1994-1998; by: Centre for International Communication, Macquarie University, 1999-
=588  \\$aDescription based on: Vol. 13, no. 2 (2007); title from PDF article running title (InformaWorld, viewed May 24, 2011).
=588  \\$aLatest issue consulted: Volume 21, issue 2 (2015) (Taylor & Francis Online, viewed January 11, 2016).
=540  \\$aCurrent copyright fee: GBP37.00$c2\0$5Uk
=650  \0$aCommunication, International$vPeriodicals.
=650  \0$aCommunication in international relations$vPeriodicals.
=650  17$aInternationale communicatie.$2gtt
=690  7\$aSocial Welfare$2blcoll
=710  2\$aMacquarie University.$bInternational Communication Program.
=710  2\$aInternational Association for Media and Communication Research.$bInternational Communications Section.
=710  2\$aMacquarie University.$bCentre for International Communication.
=776  08$iPrint version:$tJournal of international communication$x1321-6597
=859  \\$aELD$bejournal
=856  \\$31850-9999$uhttp://www.tandfonline.com/$xBLDSS
=856  40$3HathiTrust Digital Library$uhttp://catalog.hathitrust.org/api/volumes/oclc/35909026.html
=856  40$uhttp://www.informaworld.com/smpp/title~content=t929587707~db=all
=856  40$uhttp://www.internationalcommunicationsjournal.com/$zLink no longer valid
=856  40$uhttp://www.tandfonline.com/toc/rico20/current
=852  41$aBritish Library$bHMNTS$jELD Digital store$3Volume 22:Issue 1(2016)-***Previous issues available in print copy
=852  \\$aBritish Library$bDSC$j5007.619000$3Volume 17:Issue 1(2011)-Volume 17:Issue 2(2011)***See ESTAR for full holdings.
=CAT  \\$a10902$b40$c20151217$lBLL01$h0910
=CAT  \\$a10973$b40$c20160111$lBLL01$h1546
=CAT  \\$aBATCH-SWP$c20160115$lBLL01$h2216
=CAT  \\$a5552$b40$c20160118$lBLL01$h0930
=CAT  \\$a14448$b40$c20160130$lBLL01$h0754
=CAT  \\$aBLDSS-3PM$b00$c20160201$lBLL01$h1812
=CAT  \\$aBATCH-UPD$b00$c20160413$lBLL01$h1829
=CAT  \\$aBATCH-UPD$b00$c20160804$lBLL01$h0431
=CAT  \\$aBATCH-UPD$b00$c20161122$lBLL01$h1515
=CAT  \\$aIPL-CLA$c20161231$lBLL01$h0024
=CAT  \\$aBATCH-UPD$b00$c20171121$lBLL01$h1651
=CAT  \\$aW1711-1005$c20171206$lBLL01$h1829
=CAT  \\$aIPL-CLA$c20171231$lBLL01$h1831
=CAT  \\$aBATCH-UPD$b00$c20181217$lBLL01$h1641
=CAT  \\$aIPL-CLA$c20181231$lBLL01$h1555
=CAT  \\$aBATCH-UPD$b00$c20191122$lBLL01$h1903
=CAT  \\$aIPL-CLA$c20191231$lBLL01$h2042
=CAT  \\$aBATCH-UPD$b00$c20201118$lBLL01$h1337
=CAT  \\$aIPL-CLA$c20201231$lBLL01$h1533
=CAT  \\$aBATCH-UPD$b00$c20221121$lBLL01$h1350
=CAT  \\$aIPL-CLA$c20221231$lBLL01$h1453
=CFI  0\$aCurrent copyright fee: GBP37.00$c2\0$e01-jan-2023$fGBP37.00$g0$hP$5Uk
=CFI  2\$aPrevious copyright fee: GBP35.00$c2\0$e01-jan-2021$fGBP35.00$g0$hP$5Uk
=FFP  \\$aY$bBLDSS-3PM
=FIN  \\$aY$d20160111
=LKR  \\$aPAR$b010490286$lBLL01$r776$mJournal of international communication (Online)$nJournal of international communication
=MNI  \\$a1321-6597
=SRC  \\$aBLL02
=TOC  \\$aETOC
=ACF  \\$aPrevious copyright fee: GBP26.00$c2\0$e18-jan-2016$fGBP26.00$g0$hP$5Uk
=ACF  \\$aPrevious copyright fee: GBP28.00$c2\0$e01-jan-2017$fGBP28.00$g0$hP$5Uk
=ACF  \\$aPrevious copyright fee: GBP30.00$c2\0$e01-jan-2018$fGBP30.00$g0$hP$5Uk
=ACF  \\$aPrevious copyright fee: GBP32.00$c2\0$e01-jan-2019$fGBP32.00$g0$hP$5Uk
=ACF  \\$aPrevious copyright fee: GBP34.00$c2\0$e01-jan-2020$fGBP34.00$g0$hP$5Uk
=LAS  \\$aIPL-CLA$b00$c20221231$lBLL01$h1453

