=LDR  04209cas a2200949 i 4500
=001  013468349
=003  Uk
=005  20210324101310.0
=006  m\\\\\o\\d\\\\\\\\
=007  cr\|||||||||||
=008  070711c20079999mduqr\pso\\\\\0\\\a0eng\c
=FMT  \\$a  SE
=010  \\$a  2013250666
=015  \\$aGBB564315$2bnb
=022  0\$a1751-4266$y1751-4258
=035  \\$a(OCoLC)154488294
=037  \\$aISSN_17514258$bPortico$nLippincott Williams & Wilkins
=040  \\$aOrU-M$beng$cOrU-M$dOCoLC$dDLC$dCaQMM$dOCoLC$dNBuU$dUk$erda
=042  \\$aukblsr
=050  \4$aR726.8$b.C86
=082  04$a616.02905$223
=210  0\$aCurr. opin. support. palliat. care$b(Online)
=222  \0$aCurrent opinion in supportive and palliative care$b(Online)
=245  00$aCurrent opinion in supportive and palliative care.
=246  1\$iSome providers display title as:$aCurrent opinion in supportive & palliative care
=264  \1$a[London] :$bLippincott Williams & Wilkins,$c2007-
=264  31$a[Hagerstown] :$bWolters Kluwer Health, Inc.
=310  \\$aQuarterly
=336  \\$atext$2rdacontent
=337  \\$acomputer$2rdamedia
=338  \\$aonline resource$2rdacarrier
=362  1\$aBegan with Volume 1, issue 1 (April 2007).
=588  \\$aDescription based on Vol. 1, no. 1 (Apr. 2007); title from journal homepage (Wolters Kluwer Health/Lippincott Williams & Wilkins website, viewed Sept. 16, 2013).
=588  \\$aLatest issue consulted: volume 13, number 2 (June 2019); viewed May 23, 2019.
=540  \\$aCurrent copyright fee: GBP32.00$c20\0$5Uk
=650  \0$aPalliative treatment$vPeriodicals.
=650  \0$aPain$vPeriodicals.
=650  \2$aPalliative Care$vPeriodicals.
=650  \2$aPain Management$vPeriodicals.
=776  08$iPrint version:$tCurrent opinion in supportive and palliative care$x1751-4258
=856  \\$31850-9999$uhttp://journals.lww.com/pages/default.aspx$xBLDSS
=856  40$3Journals@Ovid$uhttp://gateway.ovid.com/ovidweb.cgi?T=JS&MODE=ovid&NEWS=n&PAGE=toc&D=ovft&AN=01263393-000000000-00000
=856  40$3Lippincott$uhttp://journals.lww.com/co-supportiveandpalliativecare/pages/default.aspx
=856  40$uwww.co-supportiveandpalliativecare.com
=859  \\$aELD$bejournal
=852  41$aBritish Library$bHMNTS$jELD Digital store$3Volume 9:Issue 1(2015:Mar.)-
=852  \\$aBritish Library$bDSC$j3500.779050$3Volume 15:Issue 2(2021)-
=945  \\$aCurrent opinion in supportive and palliative care.
=959  \\$fCurrently received
=985  \\$aISSN responsibility transferred to U.S. Center - 4/11/2015
=CAT  \\$a11313$b40$c20060515$lBLL01$h1324
=CAT  \\$a8124$b40$c20070711$lBLL01$h1315
=CAT  \\$a11316$b40$c20150515$lBLL01$h1403
=CAT  \\$a8411$b40$c20150518$lBLL01$h1314
=CAT  \\$a11316$b40$c20150519$lBLL01$h1427
=CAT  \\$aBATCH-CLA$b00$c20150529$lBLL01$h1529
=CAT  \\$aIPL-CLA$c20150630$lBLL01$h1651
=CAT  \\$aBATCH-UPD$b00$c20150822$lBLL01$h0327
=CAT  \\$a11316$b40$c20151104$lBLL01$h0907
=CAT  \\$a5552$b40$c20160122$lBLL01$h1130
=CAT  \\$aBLDSS-3PM$b00$c20160201$lBLL01$h1812
=CAT  \\$aBATCH-UPD$b00$c20160217$lBLL01$h1711
=CAT  \\$aWR16_048$c20160322$lBLL01$h1614
=CAT  \\$aIPL-CLA$c20160331$lBLL01$h1734
=CAT  \\$aBATCH-UPD$b00$c20160413$lBLL01$h1820
=CAT  \\$aBATCH-UPD$b00$c20160524$lBLL01$h2157
=CAT  \\$aBATCH-UPD$b00$c20160524$lBLL01$h2250
=CAT  \\$a5552$b40$c20170127$lBLL01$h1546
=CAT  \\$aW1711-1005$c20171206$lBLL01$h1819
=CAT  \\$a11205$b40$c20190523$lBLL01$h1457
=CAT  \\$a12654$b40$c20210324$lBLL01$h1013
=CFI  0\$aCurrent copyright fee: GBP32.00$c20\0$e01-apr-2016$fGBP32.00$g0$hP$5Uk
=CFI  2\$aPrevious copyright fee: GBP30.32$c20\0$e22-jan-2016$fGBP30.32$g0$hP$5Uk
=FFP  \\$aY$bBLDSS-3PM
=FIN  \\$aY$d20070711
=LET  \0$aCurrent opinion in supportive and palliative care (Electronic)
=LKR  \\$aPAR$b013468343$lBLL01$nCurrent opinion in supportive and palliative care (Print)$mCurrent opinion in supportive and palliative care (Online)$r776
=SRC  \\$aBLL02
=TCO  \\$aCLA$bCLA$c008
=TOC  \\$aETOC
=UNO  \\$aY
=LAS  \\$a12654$b40$c20210324$lBLL01$h1013

