=LDR  05203cas a2201141 a 4500
=001  016318541
=003  Uk
=005  20230930081026.0
=006  m\\\\\o\\d\\\\\\\\
=007  cr\|||||||||||
=008  100317c19549999enkqr\p\o\\\\\0\\\a0eng\c
=FMT  \\$a  SE
=010  \\$a  2011234580
=022  0\$a2052-546X
=035  \\$a(OCoLC)557793195$z(OCoLC)60619114$z(OCoLC)610008398
=037  3\$aISSN_00320447_21$bPortico$nTaylor & Francis
=037  \\$aISSN_00320447$bPortico$nManey Publishing
=040  \\$aOCLCE$beng$cOCLCE$dEYM$dHLS$dOCLCQ$dDLC$dOCLCF$dDLC$dOCLCS$dOCLCO$dUk
=042  \\$aukblsr
=043  \\$anp-----
=050  \4$aE78.G73$bP52
=060  \4$aW1$bPL101F
=082  04$a306.0978$223
=222  \0$aPlains anthropologist$b(Online)
=245  00$aPlains anthropologist$h[electronic resource].
=260  \\$aLincoln, Neb. :$bPlains Anthropologist Corp.,$c1954-
=264  21$32014-2015$aLeeds, UK :$bManey Publishing
=264  31$32016-$a[Abingdon] :$bRoutledge
=310  \\$aQuarterly,$b1960-
=321  \\$aSemiannual (irregular),$b1954-1957
=336  \\$atext$2rdacontent
=337  \\$acomputer$2rdamedia
=338  \\$aonline resource$2rdacarrier
=362  1\$aBegan publication with No. 1 (May, 1954).
=515  \\$aPublication suspended 1958-1959.
=515  \\$aSome issues have also a distinctive title and bear also an additional numbering designation for the subseries: Plains anthropologist. Memoir.
=550  \\$a"Journal of the Plains Conference," 1960- ; "Journal of the Plains Anthropological Society, " <1988- >
=588  \\$aDescription based on: No. 1 (May, 1954); title from PDF cover (JSTOR, viewed July 22, 2011).
=588  \\$aLatest issue consulted: volume 61, issue 237 (2016) (Taylor & Francis Online, viewed July 29, 2016).
=540  \\$aCurrent copyright fee: GBP37.00$c2\0$5Uk
=650  \0$aIndians of North America$zGreat Plains$vPeriodicals.
=651  \0$aGreat Plains$xAntiquities$vPeriodicals.
=776  08$iAlso issued in print as:$tPlains anthropologist$x0032-0447
=710  2\$aPlains Anthropological Society.
=776  08$iPrint version:$tPlains anthropologist$x0032-0447
=780  00$tPlains Archeological Conference news letter
=859  \\$aELD$bejournal
=856  40$3JSTOR$uhttp://www.jstor.org/action/showPublication?journalCode=plainanthro
=856  \\$31850-9999$uhttp://maneypublishing.com/$xBLDSS
=856  40$uhttp://www.maneyonline.com/loi/pan
=852  \\$aBritish Library$bDSC$j6507.100000$3Volume 61:Issue 237(2016)-Volume 62:Issue 244(2017)
=852  41$aBritish Library$bHMNTS$jELD Digital store$3Volume 59:Number 229(2014)-***Previous issues available in print copy
=945  \\$aPlains Anthropologist
=959  \\$fHeld but not currently received
=979  \\$aBritish Library$bDSC$j6507.100000
=985  \\$aISSN responsibility transferred to US Center 8.8.16.
=CAT  \\$a10806$b40$c20130411$lBLL01$h1317
=CAT  \\$a11316$b40$c20150119$lBLL01$h0933
=CAT  \\$aBATCH-UPD$b40$c20151119$lBLL01$h1603
=CAT  \\$a10902$b40$c20151121$lBLL01$h1255
=CAT  \\$aIPL-CLA$c20151231$lBLL01$h1935
=CAT  \\$a14448$b40$c20160205$lBLL01$h1154
=CAT  \\$a12654$b40$c20160301$lBLL01$h0922
=CAT  \\$aBATCH-UPD$b40$c20160413$lBLL01$h1826
=CAT  \\$a11433$b40$c20160418$lBLL01$h1406
=CAT  \\$aBATCH-UPD$b40$c20160613$lBLL01$h0402
=CAT  \\$a10806$b40$c20160729$lBLL01$h1452
=CAT  \\$a10973$b40$c20160808$lBLL01$h1110
=CAT  \\$aBATCH-UPD$b40$c20161122$lBLL01$h1543
=CAT  \\$aIPL-CLA$c20161231$lBLL01$h0010
=CAT  \\$aW1711-1005$c20171206$lBLL01$h1825
=CAT  \\$a5552$b40$c20190114$lBLL01$h1423
=CAT  \\$aW1811-111$c20190203$lBLL01$h0956
=CAT  \\$aBATCH-UPD$b00$c20191122$lBLL01$h1921
=CAT  \\$aIPL-CLA$c20191231$lBLL01$h2034
=CAT  \\$aBATCH-UPD$b00$c20201118$lBLL01$h1355
=CAT  \\$aIPL-CLA$c20201231$lBLL01$h1532
=CAT  \\$aBATCH-UPD$b00$c20221121$lBLL01$h1430
=CAT  \\$aIPL-CLA$c20221231$lBLL01$h1451
=CAT  \\$a5410$b40$c20230429$lBLL01$h1120
=CAT  \\$aR2308-1440$c20230824$lBLL01$h0930
=CAT  \\$aIPL-CLA$c20230930$lBLL01$h0810
=CFI  0\$aCurrent copyright fee: GBP37.00$c2\0$e01-oct-2023$fGBP37.00$g0$hP$5Uk
=CFI  2\$aPrevious copyright fee: GBP37.00$c47\0$e01-jan-2023$fGBP37.00$g0$hP$5Uk
=FFP  \\$aY$bBLDSS-3PM
=FIN  \\$aY$d20140604
=LET  \0$aPlains anthropologist (Electronic)
=LKR  \\$aPAR$b007863899$lBLL01$nPlains anthropologist (Print)$mPlains anthropologist (Online)$r776
=MNI  \\$a0032-0447
=SID  \\$aZ39$bOCLC
=TOC  \\$aETOC
=ACF  \\$aPrevious Copyright Fee: GBP25.00$c47\0$e28-aug-2013$fGBP25.00$g0$hP$5Uk
=ACF  \\$aPrevious copyright fee: GBP28.00$c47\0$e01-jan-2017$fGBP28.00$g0$hP$5Uk
=ACF  \\$aPrevious copyright fee: GBP26.00$c47\0$e01-jan-2016$fGBP26.00$g0$hP$5Uk
=ACF  \\$aPrevious copyright fee: GBP32.00$c47\0$e14-jan-2019$fGBP32.00$g0$hP$5Uk
=ACF  \\$aPrevious copyright fee: GBP34.00$c47\0$e01-jan-2020$fGBP34.00$g0$hP$5Uk
=ACF  \\$aPrevious copyright fee: GBP35.00$c47\0$e01-jan-2021$fGBP35.00$g0$hP$5Uk
=LAS  \\$aIPL-CLA$b00$c20230930$lBLL01$h0810

