=LDR  05265cas a2201153 a 4500
=001  016324167
=003  Uk
=005  20210421073808.0
=006  m\\\\\o\\d\\\\\\\\
=007  cr\|||||||||||
=008  050614c19929999xxubr\p\o\\\\\0\\\a0eng\c
=FMT  \\$a  SE
=010  \\$a2008202074
=015  \\$aGBB349437$2bnb
=022  0\$a1945-1474$y1062-2551
=035  \\$a(OCoLC)60625961
=037  \\$aISSN_10622551_74$bPortico$nLippincott Williams & Wilkins
=037  \\$aISSN_10622551$bPortico$nWiley
=040  \\$aOCLCS$beng$cOCLCS$dDLC$dMUQ$dNSD$dSBH$dNSD$dOCLCQ$dUk
=042  \\$ansdp$aukblsr
=050  \4$aRA399.A3$b.J675
=060  \4$aW1$bJO38MC
=082  04$a362.1$223
=130  0\$aJournal for healthcare quality (Online)
=210  0\$aJ. healthc. qual.$b(Online)
=222  \0$aJournal for healthcare quality$b(Online)
=245  10$aJournal for healthcare quality$h[electronic resource] :$bofficial publication of the National Association for Healthcare Quality.
=246  30$aJournal for health care quality
=246  17$aJHQ
=260  \\$aHoboken, NJ :$bJohn Wiley & Sons
=264  31$32015-$aPhiladelphia, PA :$bLippincott Williams & Wilkins
=310  \\$aBimonthly
=336  \\$atext$2rdacontent
=337  \\$acomputer$2rdamedia
=338  \\$aonline resource$2rdacarrier
=362  1\$aPrint began with v. 14, no. 1 (Jan./Feb. 1992).
=588  \\$aDescription based on: Vol. 31, no. 1 (Jan./Feb. 2009); title from caption on table of content page (Wiley Interscience, viewed Feb. 6, 2009).
=588  \\$aLatest issue consulted: volume 37, issue 3 (May/June 2015) (Wolters Kluwer, viewed May 12, 2015).
=540  \\$aCurrent copyright fee: GBP32.00$c20\0$5Uk
=650  \0$aMedical care$xQuality control$vPeriodicals.
=650  \0$aQuality assurance$vPeriodicals.
=690  7\$aSocial Welfare$2blcoll
=710  2\$aNational Association for Healthcare Quality (U.S.),$eissuing body.
=776  08$iPrint version:$tJournal for healthcare quality$x1062-2551
=780  00$tJournal of quality assurance (Online)
=859  \\$aELD$bejournal
=856  \\$31850-9999$uhttp://onlinelibrary.wiley.com/$xBLDSS
=856  \\$uhttp://journals.lww.com/jhqonline/pages/default.aspx
=856  40$uhttp://onlinelibrary.wiley.com/journal/10.1111/(ISSN)1945-1474
=856  40$uhttp://www3.interscience.wiley.com/journal/121675409/home
=856  42$3National Association for Healthcare Quality's website:$uhttp://www.nahq.org/journal/
=852  41$aBritish Library$bHMNTS$jELD Digital store$3Volume 38:Issue 1(2016:Jan./Feb.)-***Previous issues available in print copy
=852  41$aBritish Library$bHMNTS$jELD Digital store$3Volume 35:Issue 1(2013:Jan./Feb.)-Volume 36:Issue 6(2014:Nov./Dec.)***Previous issues available in print
=852  \\$aBritish Library$bDSC$j4996.872300$3Volume 43:Issue 1(2021)-
=945  \\$aJOURNAL FOR HEALTHCARE QUALITY.
=959  \\$fCurrently received
=985  \\$aELD accessioning record upgraded, 29/4/13.
=CAT  \\$a10983$b40$c20130423$lBLL01$h0933
=CAT  \\$a5997$b40$c20130521$lBLL01$h1106
=CAT  \\$aBATCH-CLA$b00$c20130531$lBLL01$h1652
=CAT  \\$aIPL-CLA$c20130701$lBLL01$h0157
=CAT  \\$a5552$b40$c20131002$lBLL01$h1426
=CAT  \\$a8311$b40$c20140403$lBLL01$h1421
=CAT  \\$a5997$b40$c20140411$lBLL01$h1427
=CAT  \\$aBLDSS-3PM$b00$c20141214$lBLL01$h1527
=CAT  \\$a5552$b40$c20150106$lBLL01$h0921
=CAT  \\$aBATCH-UPD$b40$c20150219$lBLL01$h1729
=CAT  \\$aIPL-CLA$c20150331$lBLL01$h1723
=CAT  \\$a11316$b40$c20150512$lBLL01$h0856
=CAT  \\$aBATCH-UPD$b40$c20150520$lBLL01$h1739
=CAT  \\$a6790$b40$c20150521$lBLL01$h0813
=CAT  \\$a6790$b40$c20150521$lBLL01$h1519
=CAT  \\$aIPL-CLA$c20150630$lBLL01$h1719
=CAT  \\$aBATCH-UPD$b00$c20150820$lBLL01$h1825
=CAT  \\$aIPL-CLA$c20150930$lBLL01$h1848
=CAT  \\$aBATCH-UPD$b00$c20160217$lBLL01$h1713
=CAT  \\$aIPL-CLA$c20160331$lBLL01$h1811
=CAT  \\$aBATCH-UPD$b00$c20160413$lBLL01$h1826
=CAT  \\$aBATCH-UPD$b00$c20160522$lBLL01$h2353
=CAT  \\$aBATCH-UPD$b00$c20160524$lBLL01$h2159
=CAT  \\$a5552$b40$c20170425$lBLL01$h1104
=CAT  \\$aW1711-1005$c20171206$lBLL01$h1825
=CAT  \\$a12654$b40$c20210421$lBLL01$h0738
=CFI  0\$aCurrent copyright fee: GBP32.00$c20\0$e01-apr-2016$fGBP32.00$g0$hP$5Uk
=CFI  2\$aPrevious copyright fee: GBP30.32$c20\0$e01-oct-2015$fGBP30.32$g0$hP$5Uk
=FFP  \\$aY$bBLDSS-3PM
=FIN  \\$aY$d20130429
=LET  \0$aJournal for healthcare quality (Electronic)
=LKR  \\$aPAR$b010489916$lBLL01$nJournal for healthcare quality (Print)$mJournal for healthcare quality (Online)$r776
=MNI  \\$a1062-2551
=SID  \\$aZ39$bOCLC
=TOC  \\$aETOC
=UNO  \\$aY
=ACF  \\$aPrevious copyright fee: GBP22.00$c35\0$e02-oct-2013$fGBP22.00$g0$hP$5Uk
=ACF  \\$aBritish Library not licensed to copy$c0$e01-jul-2013$hC$iCFP Excluded$5Uk
=ACF  \\$aPrevious copyright fee: GBP28.48$c20\0$e06-jan-2015$fGBP28.48$g0$hP$5Uk
=ACF  \\$aPrevious copyright fee: GBP30.32$c20\0$e01-apr-2015$fGBP30.32$g0$hP$5Uk
=ACF  \\$aPrevious copyright fee: GBP31.33$c20\0$e01-jul-2015$fGBP31.33$g0$hP$5Uk
=LAS  \\$a12654$b40$c20210421$lBLL01$h0738

