=LDR  05020cas a2201081 a 4500
=001  017657762
=003  Uk
=005  20230418215921.0
=006  m\\\\\|\\d\|\\\\\\
=007  cr\|||||||||||
=008  061219c20039999enktr\p\o\\\\\0\\\a0eng\d
=FMT  \\$a  SE
=015  \\$aGBB611923$2bnb
=022  \\$a2204-2253$y1448-4846
=035  \\$a(OCoLC)77079299$z(OCoLC)762961115
=037  \\$aISSN_14484846_21$bPortico$nTaylor & Francis
=040  \\$aOCLCS$beng$cOCLCS$dOCLCS$dOCLCQ$dOCLCE$dTPH$dOCLCQ$dOCLCF$dOCLCO$dUk
=042  \\$aukblsr
=050  14$aTJ1$b.M452
=082  04$a621.05$223
=130  0\$aAustralian journal of mechanical engineering (Online)
=222  \0$aAustralian journal of mechanical engineering$b(Online)
=245  10$aAustralian journal of mechanical engineering$h[electronic resource].
=260  \\$aCrows Nest, NSW :$bEngineers Media for Engineers Australia
=264  31$32015-$a[Abingdon] :$bTaylor & Francis
=300  \\$billustrations (black and white)
=310  \\$aThree times a year,$b2014-
=321  \\$aFrequency varies,$b2008-2013
=321  \\$aSemiannual,$b2005-2007
=321  \\$aAnnual,$b2003-2004
=336  \\$atext$2rdacontent
=337  \\$acomputer$2rdamedia
=338  \\$aonline resource$2rdacarrier
=362  1\$aPrint began with v. 1, no. 1 in 2003.
=550  \\$a"An Engineers Australia journal."
=580  \\$aOriginal print version of this title was preceded by an earlier title: Transactions of mechanical engineering.
=588  \\$aDescription based on print version record.
=588  \\$aLatest issue consulted: volume 13, number 3 (2015) (Taylor & Francis Online, viewed January 22, 2016).
=540  \\$aCurrent copyright fee: GBP43.00$c2\0$5Uk
=650  \0$aMechanical engineering$vPeriodicals.
=650  \0$aMechanical engineering$zAustralia$vPeriodicals.
=655  \7$aPeriodicals.$2fast
=710  2\$aInstitution of Engineers Australia.
=776  08$iAlso issued in print as:$tAustralian journal of mechanical engineering$x1448-4846
=780  10$tTransactions of mechanical engineering
=859  \\$aELD$bejournal
=856  \\$31850-9999$uhttp://www.tandfonline.com/$xBLDSS
=856  40$3HathiTrust Digital Library, Limited view (search only)$uhttp://catalog.hathitrust.org/api/volumes/oclc/53905846.html
=856  40$uhttp://search.informit.com.au/browseJournalTitle;res=E-LIBRARY;issn=1448-4846
=856  40$uhttp://www.tandfonline.com/toc/tmec20/current
=852  \\$aBritish Library$bDSC$j1810.223000$3Volume 14:Issue 1(2016)-Volume 15:Issue 3(2017)***See ESTAR for full holdings.
=852  41$aBritish Library$bHMNTS$jELD Digital store$3Volume 14:Issue 1(2016)-***Previous issues available in print copy
=945  \\$aAustralian journal of mechanical engineering.
=959  \\$fHeld but not currently received
=979  \\$aBrtish Library$bDSC$j1810.223000
=CAT  \\$a8464$b40$c20151209$lBLL01$h1432
=CAT  \\$a8323$b40$c20160122$lBLL01$h0827
=CAT  \\$a8037$b40$c20160122$lBLL01$h1106
=CAT  \\$a12654$b40$c20160223$lBLL01$h1139
=CAT  \\$a12654$b40$c20160229$lBLL01$h1349
=CAT  \\$aBLDSS-3PM$b00$c20160302$lBLL01$h1647
=CAT  \\$aBATCH-UPD$b00$c20160413$lBLL01$h1829
=CAT  \\$aBATCH-UPD$b00$c20160620$lBLL01$h0230
=CAT  \\$aBATCH-UPD$b00$c20161122$lBLL01$h1507
=CAT  \\$aIPL-CLA$c20161231$lBLL01$h0024
=CAT  \\$aBATCH-UPD$b00$c20171121$lBLL01$h1656
=CAT  \\$aW1711-1005$c20171206$lBLL01$h1828
=CAT  \\$aIPL-CLA$c20171231$lBLL01$h1830
=CAT  \\$aBATCH-UPD$b00$c20181217$lBLL01$h1646
=CAT  \\$aIPL-CLA$c20181231$lBLL01$h1555
=CAT  \\$aW1811-111$c20190203$lBLL01$h0956
=CAT  \\$aBATCH-UPD$b00$c20191122$lBLL01$h1908
=CAT  \\$aIPL-CLA$c20191231$lBLL01$h2042
=CAT  \\$aBATCH-UPD$b00$c20201118$lBLL01$h1342
=CAT  \\$aIPL-CLA$c20201231$lBLL01$h1533
=CAT  \\$aBATCH-UPD$b00$c20221121$lBLL01$h1341
=CAT  \\$aIPL-CLA$c20221231$lBLL01$h1453
=CAT  \\$a5410$b40$c20230418$lBLL01$h2159
=CFI  0\$aCurrent copyright fee: GBP43.00$c2\0$e01-jan-2023$fGBP43.00$g0$hP$5Uk
=CFI  2\$aPrevious copyright fee: GBP41.00$c2\0$e01-jan-2021$fGBP41.00$g0$hP$5Uk
=FFP  \\$aY$bBLDSS-3PM
=FIN  \\$aY$d20160122
=LET  \0$aAustralian journal of mechanical engineering (Electronic)
=LKR  \\$aPAR$b010472104$lBLL01$nAustralian journal of mechanical engineering (Print)$mAustralian journal of mechanical engineering (Online)$r776
=MNI  \\$a1448-4846
=SID  \\$aZ39$bOCLC
=TOC  \\$aETOC
=ACF  \\$aPrevious copyright fee: GBP31.00$c2\0$e23-feb-2016$fGBP31.00$g0$hP$5Uk
=ACF  \\$aPrevious copyright fee: GBP33.00$c2\0$e01-jan-2017$fGBP33.00$g0$hP$5Uk
=ACF  \\$aPrevious copyright fee: GBP35.00$c2\0$e01-jan-2018$fGBP35.00$g0$hP$5Uk
=ACF  \\$aPrevious copyright fee: GBP37.00$c2\0$e01-jan-2019$fGBP37.00$g0$hP$5Uk
=ACF  \\$aPrevious copyright fee: GBP39.00$c2\0$e01-jan-2020$fGBP39.00$g0$hP$5Uk
=LAS  \\$a5410$b40$c20230418$lBLL01$h2159

