=LDR  04424cas a2201069 a 4500
=001  017365954
=003  Uk
=005  20210421104039.0
=006  m\\\\\o\\u\\\\\\\\
=007  cr\|||||||||||
=008  991013c18769999mdumr\pso\\\\\0\\\a0eng\c
=FMT  \\$a  SE
=010  \\$a  2002214163
=015  \\$aGBB5H2284$2bnb
=022  \\$a1539-736X$y0022-3018
=035  \\$a(OCoLC)42633696
=037  \\$aISSN_00223018$bPortico$nLippincott Williams & Wilkins
=040  \\$aPPiU$beng$cPPiU$dOCoLC$dNSDP$dOCoLC$dMiEM$dOCoLC$dNcU$dOCLCF$dDLC$dUk
=042  \\$aukblsr
=050  \4$aRC1
=082  10$a616.8005$223
=130  0\$aJournal of nervous and mental disease (Online)
=210  0\$aJ. nerv. ment. dis.$b(Online)
=222  \4$aThe journal of nervous and mental disease$b(Online)
=245  14$aThe journal of nervous and mental disease$h[electronic resource].
=246  13$aJournal of nervous and mental diseases
=246  13$aJournal of nervous & mental disease
=260  \\$a[Baltimore] :$bLippincott Williams & Wilkins
=310  \\$aMonthly
=336  \\$atext$2rdacontent
=337  \\$acomputer$2rdamedia
=338  \\$aonline resource$2rdacarrier
=362  1\$aBegan with Vol. 3, no. 1 (Jan. 1876).
=500  \\$aTitle from journal information screen, viewed Oct. 13, 1999.
=500  \\$aAlternate title from title screen, viewed Oct. 13, 1999.
=510  0\$aChemical abstracts,$x0009-2258
=530  \\$aAlso issued in print.
=538  \\$aMode of access: World Wide Web.
=588  \\$aLatest issue consulted: Vol. 201, no. 5 (May 2013) (viewed June 26, 2013).
=540  \\$aCurrent copyright fee: GBP32.00$c20\0$5Uk
=650  \0$aNeurology$vPeriodicals.
=650  \0$aPsychiatry$vPeriodicals.
=650  \2$aNeurology.
=650  \2$aPsychiatry.
=650  17$aNeurologie.$2gtt
=650  17$aPsychiatrie.$2gtt
=650  \7$aNeurology.$2fast$0(OCoLC)fst01036390
=650  \7$aPsychiatry.$2fast$0(OCoLC)fst01081152
=655  \7$aPeriodicals.$2fast$0(OCoLC)fst01411641
=776  08$iPrint version:$tJournal of nervous and mental disease$x0022-3018
=780  00$tChicago journal of nervous and mental disease$x2377-0740
=859  \\$aELD$bejournal
=856  \\$31850-9999$uhttp://journals.lww.com/pages/default.aspx$xBLDSS
=856  40$3HathiTrust Digital Library, Full view$uhttp://catalog.hathitrust.org/api/volumes/oclc/1754691.html
=856  40$uhttp://136.142.56.160/ovidweb/ovidweb.cgi?T=JS&MODE=ovid&NEWS=N&PAGE=toc&D=ovid%5fovft&AN=00005053-000000000-00000
=856  40$uhttp://www.jonmd.com
=852  41$aBritish Library$bHMNTS$jELD Digital store$3Volume 203:Issue 1(2015:Jan.)-
=852  \\$aBritish Library$bDSC$j5021.400000$3Volume 209:Issue 1(2021)-
=945  \\$aJournal of nervous and mental disease -Baltimore-.
=959  \\$fCurrently received
=CAT  \\$a8411$b40$c20150519$lBLL01$h1422
=CAT  \\$aBATCH-CLA$b00$c20150529$lBLL01$h1529
=CAT  \\$a3072$b40$c20150622$lBLL01$h1514
=CAT  \\$a3072$b40$c20150622$lBLL01$h1517
=CAT  \\$a3072$b40$c20150622$lBLL01$h1518
=CAT  \\$a3072$b40$c20150623$lBLL01$h1545
=CAT  \\$aIPL-CLA$c20150630$lBLL01$h1725
=CAT  \\$a11316$b40$c20151203$lBLL01$h1512
=CAT  \\$a11316$b40$c20151203$lBLL01$h1513
=CAT  \\$a5552$b40$c20160119$lBLL01$h1211
=CAT  \\$aBLDSS-3PM$b00$c20160201$lBLL01$h1812
=CAT  \\$aBATCH-UPD$b00$c20160217$lBLL01$h1713
=CAT  \\$aIPL-CLA$c20160331$lBLL01$h1819
=CAT  \\$aBATCH-UPD$b00$c20160413$lBLL01$h1829
=CAT  \\$aBATCH-UPD$b00$c20160524$lBLL01$h2200
=CAT  \\$aBATCH-UPD$b00$c20160524$lBLL01$h2307
=CAT  \\$a5552$b40$c20170216$lBLL01$h1409
=CAT  \\$aW1711-1005$c20171206$lBLL01$h1828
=CAT  \\$a12654$b40$c20210421$lBLL01$h1038
=CAT  \\$a12654$b40$c20210421$lBLL01$h1039
=CAT  \\$a12654$b40$c20210421$lBLL01$h1040
=CFI  0\$aCurrent copyright fee: GBP32.00$c20\0$e01-apr-2016$fGBP32.00$g0$hP$5Uk
=CFI  2\$aPrevious copyright fee: GBP30.32$c20\0$e19-jan-2016$fGBP30.32$g0$hP$5Uk
=FFP  \\$aY$bBLDSS-3PM
=FIN  \\$aY$d20150622
=LET  \0$aJournal of nervous and mental disease (Electronic)
=LKR  \\$aPAR$b010491000$lBLL01$r776$mThe journal of nervous and mental disease (Online)$nThe journal of nervous and mental disease
=MNI  \\$a0022-3018
=SRC  \\$aBLL02
=TOC  \\$aETOC
=UNO  \\$aY
=LAS  \\$a12654$b40$c20210421$lBLL01$h1040

