=LDR  03506cas a2200877 a 4500
=001  017368620
=003  Uk
=005  20230213132604.0
=006  m\\\\\|\\d\|\\\\\\
=007  cr\|||||||||||
=008  050614c198u9999paumr\p\o\\\\\0\\\a0eng\c
=FMT  \\$a  SE
=010  \\$a  2011201377
=015  \\$aGBB578767$2bnb
=022  \\$a2161-5179$y0894-7376
=035  \\$a(OCoLC)60625902
=037  \\$aISSN_08947376$bPortico$nLippincott Williams & Wilkins
=040  \\$aOCoLC$beng$cOCoLC$dCaQMU$dDeU$dOCoLC$dDLC$dOCoLC$dNBuU$dUk$epn
=042  \\$aukblsr
=050  \4$aRZ265.S64$b.B33
=082  04$a617.56005$223
=130  0\$aBackletter (Online)
=210  0\$aBackletter$b(Online)
=222  \4$aThe backletter$b(Online)
=245  14$aThe backletter$h[electronic resource].
=246  3\$aBack letter
=260  \\$a[Newburyport, Mass. :$bSköl Pub. Co.]$3<198u-2011>
=260  3\$3<2011>-$aPhiladelphia, PA :$bLippincott Williams & Wilkins
=310  \\$aMonthly
=336  \\$atext$btxt$2rdacontent
=337  \\$acomputer$bc$2rdamedia
=338  \\$aonline resource$bcr$2rdacarrier
=588  \\$aDescription based on print version record.
=588  \\$aLatest issue consulted: volume 30, number 6 (June 2015) (publisher's website, viewed June 17, 2015).
=540  \\$aCurrent copyright fee: GBP32.00$c20\0$5Uk
=650  \0$aBackache$vPeriodicals.
=650  \0$aBackache$xTreatment$vPeriodicals.
=650  \0$aSpine$xDiseases$vPeriodicals.
=650  \0$aSpine$xWounds and injuries$vPeriodicals.
=776  08$iPrint version:$tBackletter$x0894-7376
=859  \\$aELD$bejournal
=856  \\$31850-9999$uhttp://journals.lww.com/pages/default.aspx$xBLDSS
=856  40$31997- available through Health Reference Center$uhttp://www.infotrac.galegroup.com/itweb/udel%5Fmain?db=HRC
=856  40$uhttp://gateway.ovid.com/ovidweb.cgi?T=JS&MODE=ovid&NEWS=n&PAGE=toc&D=ovft&AN=00130561-000000000-00000
=856  40$uhttp://journals.lww.com/backletter/pages/default.aspx
=856  40$uhttp://www.lww.com/products/?36597486
=852  41$aBritish Library$bHMNTS$jELD Digital store$3Volume 30:Issue 1(2015)-
=852  \\$aBritish Library$bDSC$j1854.736000$3Volume 37:Issue 10(2022)-
=945  \\$aBack letter.
=959  \\$fCurrently received
=CAT  \\$a10876$b40$c20150521$lBLL01$h1147
=CAT  \\$aBATCH-CLA$b00$c20150529$lBLL01$h1529
=CAT  \\$a8323$b40$c20150617$lBLL01$h1347
=CAT  \\$aIPL-CLA$c20150630$lBLL01$h1725
=CAT  \\$a5552$b40$c20160119$lBLL01$h1200
=CAT  \\$aBLDSS-3PM$b00$c20160201$lBLL01$h1812
=CAT  \\$aBATCH-UPD$b00$c20160217$lBLL01$h1713
=CAT  \\$aIPL-CLA$c20160331$lBLL01$h1819
=CAT  \\$aBATCH-UPD$b00$c20160413$lBLL01$h1829
=CAT  \\$aBATCH-UPD$b00$c20160519$lBLL01$h0946
=CAT  \\$aBATCH-UPD$b00$c20160524$lBLL01$h2200
=CAT  \\$a5552$b40$c20170220$lBLL01$h1352
=CAT  \\$a10806$b40$c20171018$lBLL01$h1420
=CAT  \\$aW1711-1005$c20171206$lBLL01$h1828
=CAT  \\$a12654$b40$c20210309$lBLL01$h0843
=CAT  \\$a8250$b40$c20230213$lBLL01$h1326
=CFI  0\$aCurrent copyright fee: GBP32.00$c20\0$e01-apr-2016$fGBP32.00$g0$hP$5Uk
=CFI  2\$aPrevious copyright fee: GBP30.32$c20\0$e19-jan-2016$fGBP30.32$g0$hP$5Uk
=FFP  \\$aY$bBLDSS-3PM
=FIN  \\$aY$d20150617
=LKR  \\$aPAR$b005419242$lBLL01$nBackletter (Print)$mBackletter (Online)$r776
=MNI  \\$a0894-7376
=SRC  \\$aBLL02
=TOC  \\$aETOC
=UNO  \\$aY
=LAS  \\$a8250$b40$c20230213$lBLL01$h1326

