=LDR  04922cas a2201129 i 4500
=001  017374691
=003  Uk
=005  20220412153420.0
=006  m\\\\\o\\d\\\\\\\\
=007  cr\cnu||||||||
=008  050414c20039999paumr\p\o\\\\\0\\\a0eng\\
=FMT  \\$a  SE
=010  \\$a  2011201386
=015  \\$aGBB593517$2bnb
=022  \\$a2161-6094$y1543-9879
=035  \\$a(OCoLC)58992503$z(OCoLC)173496176
=037  \\$aISSN_19388659$bPortico$nLippincott Williams & Wilkins
=037  3\$aISSN_15439879$bPortico$nLippincott Williams & Wilkins
=040  \\$aVPI$beng$cVPI$dSBH$dOCL$dOCLCQ$dMUQ$dDNF$dOCLCQ$dQE2$dOCLCQ$dDLC$dPFM$dOCLCQ$dDLC$dOCLCO$dOCLCF$dOCLCO$dUk
=042  \\$apcc$ansdp$aukblsr
=050  10$aISSN RECORD
=050  \4$aRC925.A1$bB66 (Internet)
=082  14$a616.7105$223
=130  0\$aBone & joint (Online)
=210  0\$aBone jt.$b(Online)
=222  \0$aBone & joint$b(Online)
=245  10$aBone & joint$h[electronic resource].
=246  1\$aBone and joint
=246  1\$iIssues for <Sept. 2007-> have title:$aLippincott's bone and joint newsletter
=260  \\$aHagerstown, MD :$bLippincott Williams & Wilkins
=264  31$a[Philadelphia, Pa.] :$bLippincott Williams & Wilkins
=310  \\$aEleven no. a year
=336  \\$atext$2rdacontent
=337  \\$acomputer$2rdamedia
=338  \\$aonline resource$2rdacarrier
=362  1\$aPrint began with vol. 9, no. 6 (June 2003).
=580  \\$aOriginal print version of this title was preceded by an earlier title called: The joint letter.
=588  \\$aDescription based on: Vol. 11(1) (Jan. 2005); title from journal description page (Journals@Ovid, viewed Apr. 12, 2005).
=588  \\$aLatest issue consulted: Vol. 21, no. 7 (July/August 2015) viewed on Wolters Kluwer website, July 14, 2015.
=540  \\$aCurrent copyright fee: GBP32.00$c20\0$5Uk
=650  \0$aMusculoskeletal system$vPeriodicals.
=650  \0$aOrthopedics$vPeriodicals.
=650  \0$aBones$xDiseases$vPeriodicals.
=650  \0$aJoints$xDiseases$vPeriodicals.
=650  \6$aAppareil locomoteur$vPériodiques.
=650  \6$aOrthopédie$vPériodiques.
=650  \6$aOs$xMaladies$vPériodiques.
=650  \6$aArticulations$xMaladies$vPériodiques.
=650  \2$aBone Diseases$vPeriodicals.
=650  \2$aJoint Diseases$vPeriodicals.
=650  \2$aMusculoskeletal Diseases$vPeriodicals.
=650  \2$aMusculoskeletal System$vPeriodicals.
=650  \7$aBones$xDiseases.$2fast$0(OCoLC)fst00836004
=650  \7$aJoints$xDiseases.$2fast$0(OCoLC)fst00983908
=650  \7$aMusculoskeletal system.$2fast$0(OCoLC)fst01030016
=650  \7$aOrthopedics.$2fast$0(OCoLC)fst01048565
=655  \7$aPeriodicals.$2fast$0(OCoLC)fst01411641
=776  08$iAlso issued in print:$tBone & joint$x1543-9879
=780  00$tJoint letter$x2331-2513
=859  \\$aELD$bejournal
=856  \\$31850-9999$uhttp://journals.lww.com/pages/default.aspx$xBLDSS
=856  40$32005-2007$uhttp://gateway.ovid.com/ovidweb.cgi?T=JS&PAGE=toc&D=ovft&MODE=ovid&NEWS=N&AN=00151767-000000000-00000
=856  40$uhttp://gateway.ovid.com/ovidweb.cgi?T=JS&PAGE=toc&D=ovft&MODE=ovid&NEWS=N&AN=01300517-000000000-00000
=856  40$uhttp://journals.lww.com/lbjnewsletter/pages/default.aspx
=852  41$aBritish Library$bHMNTS$jELD Digital store$3Volume 21:Issue 1(2015)-***Previous issues available in print copy
=852  \\$aBritish Library$bDSC$j2247.332700$3Volume 28:Issue 10(2022)-
=945  \\$aBone and joint.
=959  \\$fCurrently received
=CAT  \\$a10876$b40$c20150528$lBLL01$h1540
=CAT  \\$aBATCH-CLA$b00$c20150529$lBLL01$h1529
=CAT  \\$aIPL-CLA$c20150630$lBLL01$h1725
=CAT  \\$a11315$b40$c20150714$lBLL01$h1424
=CAT  \\$a5552$b40$c20160119$lBLL01$h0935
=CAT  \\$aBLDSS-3PM$b00$c20160201$lBLL01$h1812
=CAT  \\$a6811$b40$c20160210$lBLL01$h1332
=CAT  \\$aBATCH-UPD$b40$c20160217$lBLL01$h1713
=CAT  \\$aIPL-CLA$c20160331$lBLL01$h1819
=CAT  \\$aBATCH-UPD$b00$c20160413$lBLL01$h1829
=CAT  \\$aBATCH-UPD$b00$c20160524$lBLL01$h2200
=CAT  \\$aBATCH-UPD$b00$c20160524$lBLL01$h2307
=CAT  \\$a5552$b40$c20161208$lBLL01$h1043
=CAT  \\$a10806$b40$c20170929$lBLL01$h1427
=CAT  \\$aW1711-1005$c20171206$lBLL01$h1828
=CAT  \\$a11315$b40$c20190510$lBLL01$h1427
=CAT  \\$a12654$b40$c20210421$lBLL01$h1245
=CAT  \\$a10983$b40$c20220412$lBLL01$h1534
=CFI  0\$aCurrent copyright fee: GBP32.00$c20\0$e01-apr-2016$fGBP32.00$g0$hP$5Uk
=CFI  2\$aPrevious copyright fee: GBP30.32$c20\0$e19-jan-2016$fGBP30.32$g0$hP$5Uk
=FFP  \\$aY$bBLDSS-3PM
=FIN  \\$aY$d20150714
=LET  \0$aLippincott's bone and joint newsletter (Electronic)
=LKR  \\$aPAR$b005423378$lBLL01$r776$mBone & joint (Online)$nBone & joint
=MNI  \\$a1543-9879
=SID  \\$aZ39$bOCLC
=TOC  \\$aETOC
=UNO  \\$aY
=LAS  \\$a10983$b40$c20220412$lBLL01$h1534

