=LDR  04297cas a2200997 a 4500
=001  014695545
=003  Uk
=005  20131125101708.0
=006  m\\\\\\\\d\\\\\\\\
=007  cr\un|||||||||
=008  050614c20029999enkfr\pss\\\\\0\\\a0eng\d
=FMT  \\$a  SE
=015  \\$aGBA8C8135$2bnb
=022  0\$a1758-8553$y1446-8956$202
=035  \\$a(OCoLC)60617515
=037  \\$aISSN_14468956$bPortico$nEmerald
=040  \\$aOCLCS$cOCLCS$dOCLCS$dUk
=042  \\$aissnuk$aukblsr
=082  04$a338.9$222
=130  0\$aInternational journal of development issues (Online)
=222  \0$aInternational journal of development issues$b(Online)
=245  10$aInternational journal of development issues$h[electronic resource].
=246  30$aDevelopment issues
=246  17$aIJDI
=260  \\$aSydney :$bCentre for South Asian Studies, School of Economics and Political Science, University of Sydney
=260  3\$32007-$aBingley :$bEmerald
=310  \\$aSemiannual
=336  \\$atext$2rdacontent
=337  \\$acomputer$2rdamedia
=338  \\$aonline resource$2rdacarrier
=362  1\$aPrint began with v. 1, no. 1 (June 2002).
=500  \\$aPublished in collaboration with the International Institute for Development Studies.
=500  \\$aDescription based on print version record.
=500  \\$aLatest issue consulted: Vol. 7, issue 2 (2008) (Emerald, viewed on Nov. 11, 2008).
=530  \\$aAlso issued in print.
=538  \\$aMode of access: World Wide Web.
=540  \\$aCurrent copyright fee: GBP30.00$c25\0$5Uk
=650  \0$aEconomic development$vPeriodicals.
=690  7\$aManagement and Business Studies$2blcoll
=776  1\$tInternational journal of development issues$x1446-8956
=710  2\$aUniversity of Sydney.$bCentre for South Asian Studies.
=710  2\$aInternational Institute for Development Studies (Australia)
=859  \\$aELD$bejournal
=856  \\$31850-9999$uhttp://www.emeraldinsight.com/$xBLDSS
=856  40$3Vol.1 (2002)-v.5 (2006)$uhttp://www.econ.usyd.edu.au/ijdi/
=856  40$uhttp://info.emeraldinsight.com/products/journals/journals.htm?id=ijdi
=852  41$aBritish Library$bDSC$j4542.185025$3Volume 7:Issue 1(2008)-Volume 10:Issue 3(2011)***See ESTAR for full holdings.
=852  41$aBritish Library$bHMNTS$jELD Digital store$3Volume 13:Issue 1(2014)-***Previous issues available in print copy
=945  \\$aInternational journal of development issues
=959  \\$fHeld but not currently received
=CAT  \\$a6537$b40$c20080818$lBLL01$h1350
=CAT  \\$a8464$b40$c20080929$lBLL01$h1052
=CAT  \\$a8464$b40$c20080929$lBLL01$h1053
=CAT  \\$a3072$b40$c20081111$lBLL01$h1330
=CAT  \\$aISSN$b40$c20081203$lBLL01$h0902
=CAT  \\$aBATCH$b00$c20090625$lBLL01$h1718
=CAT  \\$aCDS12-UPD$b40$c20111212$lBLL01$h1842
=CAT  \\$a11315$b40$c20120119$lBLL01$h0943
=CAT  \\$aWR13.050$c20130324$lBLL01$h1446
=CAT  \\$aBATCH-CLA$b00$c20130526$lBLL01$h1642
=CAT  \\$aBATCH-UPD$b00$c20130904$lBLL01$h1927
=CAT  \\$aIPL-CLA$c20130930$lBLL01$h1800
=CAT  \\$a8464$b40$c20131119$lBLL01$h0934
=CAT  \\$a8464$b40$c20131119$lBLL01$h0935
=CAT  \\$a11316$b40$c20131125$lBLL01$h1017
=CAT  \\$aWR14_009$c20140204$lBLL01$h2345
=CAT  \\$aWR14_140$c20140905$lBLL01$h1820
=CAT  \\$aBLDSS-3PM$b00$c20141121$lBLL01$h1852
=CAT  \\$aBATCH-UPD$b00$c20151109$lBLL01$h1747
=CAT  \\$aIPL-CLA$c20151109$lBLL01$h1813
=CAT  \\$aBATCH-UPD$b00$c20160620$lBLL01$h0219
=CAT  \\$aW1711-1005$c20171206$lBLL01$h1821
=CFI  0\$aCurrent copyright fee: GBP30.00$c25\0$e09-nov-2015$fGBP30.00$g0$hP$5Uk
=CFI  2\$aPrevious copyright fee: GBP20.00$c25\0$e01-oct-2013$fGBP20.00$g0$hP$5Uk
=FFP  \\$aY$bBLDSS-3PM
=FIN  \\$aY$d20080818
=LET  \0$aInternational journal of development issues (Electronic)
=LKR  \\$aPAR$b009858397$lBLL01$r776$mInternational journal of development issues (Online)$nInternational journal of development issues (Print)
=MNI  \\$a1446-8956
=SID  \\$aZ39$bOCLC
=TCO  \\$aAUS$bCAL$c008
=TCO  \\$aCLA$bCLA$c008
=TOC  \\$aETOC
=UNO  \\$aY
=ACF  \\$aPrevious copyright fee: GBP15.00$c25\0$e29-sep-2008$fGBP15.00$g0$hP$5Uk
=LAS  \\$aW1711-1005$b00$c20171206$lBLL01$h1821

